3016 4966
220 429 241 490 2
366 511 371 518 Ι
526 417 529 423 ’
608 441 655 488 er
677 439 819 490 aarum
840 439 995 490 unorum

289 587 375 653 Tum
401 587 544 652 Balbus:
573 585 783 652 Geram'tibi
807 609 931 652 morem
947 588 991 652 'et
1015 607 1111 671 agam
1138 608 1236 672 quam
1261 583 1385 651 brevis·

225 690 306 755 sime
330 700 463 775 potero;
484 689 607 754 etenim
625 689 779 754 convictis
799 689 932 774 Epicuri
953 690 1110 754 erroribus
1132 689 1227 773 longa
1247 688 1288 753 de
1312 710 1387 753 mea

124 829 126 833 ⁷
227 794 447 879 disputatione
463 794 608 872 detracta
623 793 723 858 oratio
739 801 796 859 est.
842 794 983 859 Omnino
998 794 1150 858 dividunt
1165 792 1267 858 nostri
1281 799 1387 856 totam

227 895 324 961 istam
354 896 395 961 de
425 896 475 961 dis
504 896 742 960 immortalibus
770 895 993 980 quaestionem
1022 896 1057 958 in
1086 903 1193 980 partes
1222 901 1387 979 quattuor.

228 999 374 1078 Primum
389 1000 506 1064 docent
526 1022 595 1064 esse
614 1000 699 1077 deos,
716 999 833 1064 deinde
855 999 966 1084 quales
986 999 1061 1076 sint,
1075 1006 1148 1062 tum
1166 997 1325 1068 mundum
1346 996 1388 1061 ab
1424 1015 1443 1077 5

229 1100 270 1164 iis
293 1100 520 1179 adnnnistrari,
541 1109 703 1186 postremo
727 1101 892 1165 consulere
916 1122 971 1165 eos
994 1100 1091 1165 rebus
1112 1100 1273 1164 humanis.
1318 1098 1388 1162 Nos

192 1280 197 1288 Ι
230 1211 342 1267 autem
361 1204 421 1268 hoc
437 1225 592 1282 sermone,
609 1226 692 1289 quae
717 1204 823 1288 priora
845 1203 910 1267 duo
934 1210 1019 1280 sunt,
1035 1225 1221 1282 sumamus;
1243 1201 1389 1266 tertium

159 1317 160 1321 ’
231 1317 266 1374 et
295 1299 456 1394 quartum,
487 1310 564 1395 quia
593 1312 715 1397 majora
750 1317 835 1386 sunt,
866 1317 947 1394 puto
978 1330 1046 1373 esse
1076 1308 1111 1371 in
1140 1306 1231 1373 aliud
1260 1315 1390 1390 tempus

232 1413 417 1478 differenda
462 1414 599 1479 Minime
614 1417 698 1492 vero,
714 1413 821 1498 inquit
837 1413 954 1494 Cotta3
977 1435 1054 1476 nam
1070 1420 1104 1477 et
1119 1412 1213 1476 otiosi
1229 1432 1340 1475 sumus
1356 1416 1391 1473 et
1482 1473 1485 1479 ,

140 1515 142 1520 ’
232 1516 273 1581 iis
291 1517 332 1581 de
347 1518 443 1582 rebus
458 1519 592 1603 agimus,
607 1540 690 1602 quae
707 1525 782 1581 sunt
799 1517 899 1581 etiam
914 1517 1053 1601 negotiis
1068 1515 1321 1601 anteponendae.
1407 1530 1447 1570 10

200 1621 220 1680 4
297 1619 342 1683 ΙΙ.
385 1621 469 1683 Tum
484 1620 638 1696 Lucilius
647 1619 700 1682 Ne
716 1640 810 1703 egere
825 1619 959 1702 quidem
970 1617 1108 1696 videtur,
1118 1617 1235 1702 inquit,
1247 1615 1391 1681 oratione

231 1721 337 1807 prima
351 1743 433 1806 pars.
477 1722 564 1803 Quid
580 1721 668 1786 enim
683 1725 792 1807 potest
812 1744 881 1786 esse
902 1730 971 1786 tam
992 1730 1142 1805 apertum
1165 1729 1297 1804 tamque
1318 1711 1393 1802 per:

140 1854 143 1858 ·
233 1828 391 1914 spicuum,
425 1848 500 1890 cum
534 1825 660 1916 caelum
697 1824 901 1909 suspeximus
936 1824 1152 1909 caelestiaque
1181 1821 1393 1906 contemplati

230 1935 354 2008 sumus,
374 1951 473 2013 quam
494 1951 562 1992 esse
581 1928 712 2013 aliquod
731 1951 853 1992 numen
871 1922 1166 2014 praestantissimae
1187 1926 1393 2009 mentisque

232 2033 312 2097 haec
326 2036 503 2115 reganturl
541 2026 636 2124 Quod
648 2031 683 2094 ni
695 2031 742 2096 ita
754 2039 846 2108 esset,
857 2031 915 2115 qui
929 2031 1088 2117 potuisset
1102 2052 1233 2094 assensu
1248 2028 1393 2093 omnium
1410 2047 1447 2108 15

233 2132 341 2198 dicere
355 2133 518 2203 Ennius:'
1078 2155 1080 2159 ·
1150 2139 1152 2144 ’

109 2295 111 2298 <
134 2262 187 2339 ζ
223 2306 225 2310 .
263 2257 385 2333 Aspice
402 2260 464 2319 hoe
482 2261 625 2316 sublime
643 2261 795 2337 candens,
814 2279 911 2332 quem
929 2262 1088 2315 invocant
1106 2277 1218 2315 omnes
1235 2258 1254 2314 J
1259 2274 1359 2325 ovem,

111 2336 129 2373 x.

114 2378 129 2401 ⁴
206 2408 209 2413 ’
234 2391 329 2455 illum
345 2413 419 2482 vero
434 2398 468 2455 et
482 2391 506 2456 J
507 2414 601 2456 ovem
616 2397 650 2455 et
671 2390 906 2467 dominatorem
926 2411 1035 2454 rerum
1055 2387 1224 2468 etomnia
1238 2394 1323 2462 nutu
1345 2407 1395 2450 re·
1475 2464 1477 2467 Ι

234 2503 367 2581 gentem
383 2501 424 2573 et,
436 2502 474 2560 ut
489 2495 578 2560 idem
593 2495 729 2574 Ennius,

525 2624 654 2692 patrem
672 2613 852 2696 divumque
869 2621 1106 2691 hominumque
1413 2638 1453 2677 20

197 2751 199 2755 '
235 2731 270 2808 et
284 2750 489 2828 praesentem
504 2763 541 2806 ac
556 2740 802 2827 praepotentem
817 2740 916 2805 deum
928 2746 940 2807 l
984 2741 1078 2822 Quod
1090 2741 1147 2825 qui
1159 2740 1297 2817 dubitet,
1308 2739 1397 2804 haud

236 2868 315 2911 eane
338 2845 503 2929 intellego,
529 2867 586 2909 cur
609 2867 675 2908 non
698 2844 795 2921 idem,
821 2845 869 2908 sol
893 2845 935 2909 sit
961 2845 1143 2915 annullus
1172 2843 1224 2921 sit,
1247 2842 1398 2907 dubitare
1441 2891 1443 2896 -

197 2965 223 3023 *5
237 2947 345 3034 possit.
391 2945 455 3027 Qut
470 2946 557 3011 enim
574 2954 623 3010 est
642 2946 703 3010 hoc
722 2946 777 3010 illo
792 2947 999 3013 evidentius?
1042 2947 1137 3026 Quod
1155 2946 1218 3010 nisi
1232 2945 1398 3031 cognitum

237 3043 571 3136 comprehensumque
592 3049 710 3114 animis
731 3049 934 3129 haberemus,
957 3073 1024 3115 non
1047 3059 1117 3115 tam
1143 3049 1268 3116 stabilis
1290 3047 1398 3133 opinio

237 3148 443 3240 permaneret
465 3175 524 3218 nee
550 3147 792 3218 confirmaretur
813 3144 1033 3222 diutumitate
1061 3154 1215 3239 temporis
1243 3174 1303 3217 nee
1331 3172 1399 3240 una
1415 3175 1451 3235 25

238 3279 314 3321 cum
351 3256 463 3320 saeclis
499 3256 725 3340 aetatibusque
762 3257 932 3322 hominum
971 3258 1201 3323 inveterascere
1232 3256 1400 3342 potuisset

235 3358 371 3424 Etenim
385 3359 535 3423 videmus
554 3369 681 3425 ceterae
700 3360 868 3445 opiniones
890 3362 982 3427 fictas
998 3369 1096 3446 atque
1117 3382 1217 3426 vanas
1237 3359 1401 3424 diuturni-

239 3469 308 3526 tate
332 3461 525 3529 extabuisse.
562 3462 651 3542 ¹Quis
674 3463 762 3528 enim
784 3464 1089 3550 Hippocentaurum
1113 3465 1212 3550 fuisse
1236 3470 1294 3528 aut
1321 3460 1400 3526 Ohi-

240 3586 383 3628 maeram
396 3567 510 3649 putatt
529 3586 653 3649 quaeve
665 3588 747 3630 anus
759 3573 828 3631 tam
840 3590 950 3634 excors
964 3568 1104 3632 inveniri
1115 3575 1231 3652 potest,
1240 3577 1323 3651 'quae
1334 3565 1401 3645 illa,

240 3690 324 3752 quae
342 3669 510 3754 ¹quondam
533 3671 747 3749 credebantur
763 3673 852 3757 apud
874 3673 994 3738 inferos
1016 3659 1175 3758 portenta,
1191 3661 1401 3736 extimescat?
1416 3695 1467 3753 30,

291 3829 306 3878 5
323 3828 355 3876 ab
365 3828 436 3888 ilat,
450 3829 483 3876 ob
495 3828 534 3878 bia
551 3841 601 3878 uss
617 3831 755 3894 generally.
854 3833 870 3883 9
886 3840 911 3882 et
921 3833 955 3880 iic
967 3837 1008 3882 111.
1018 3813 1087 3887 Aac,
1098 3837 1124 3879 et
1141 3831 1180 3880 bie
1197 3839 1246 3878 uss
1262 3826 1402 3891 generally.

205 3930 209 3938 ·
242 3909 273 3959 10
288 3917 355 3970 auat,
373 3910 480 3959 ‘malim
498 3914 551 3960 sint
561 3914 567 3937 '
578 3911 634 3963 Mu.
646 3913 679 3963 ef.
698 3929 709 3963 1
728 3915 770 3963 48.
796 3954 798 3958 Α
879 3915 1064 3978 anteponevdee
1076 3912 1152 3976 [BE],
1170 3911 1342 3974 anteponenda
1358 3909 1402 3958 Ae
1420 3933 1422 3937 .

242 3991 300 4040 Oxf.
313 3992 382 4040 Mus.
437 4006 442 4014 ·
489 3993 521 4040 14
538 4009 596 4056 quo,
611 3995 717 4045 ‘malim
728 4012 745 4045 o
757 3997 820 4058 quo’
832 3995 887 4044 Mu.
897 3995 944 4045 bnt
955 3995 988 4044 cf.
999 3985 1099 4044 (lomm.
1114 3993 1166 4043 and
1176 4007 1210 4040 111
1222 3993 1253 4041 10
1264 3990 1346 4039 where
1357 3989 1403 4042 the

241 4071 324 4122 vverde
341 4086 385 4121 are
401 4072 529 4134 repeated.
639 4077 670 4128 17
686 4079 791 4125 sublime
809 4090 868 4134 uss,
886 4079 1008 4126 sublimen
1027 4076 1071 4125 Or.
1089 4075 1143 4124 Ba..
1157 4073 1217 4125 Sch.
1238 4087 1280 4123 see
1299 4072 1401 4128 Oomm.

240 4156 368 4216 invocent,
382 4163 473 4205 vocent
489 4171 532 4219 ap.
550 4157 619 4208 Fest.
634 4164 661 4210 et
677 4160 763 4209 Proh·
853 4161 884 4208 18
900 4167 966 4209 aare
976 4160 1022 4210 GV
1032 4158 1099 4221 Aea,
1112 4166 1181 4208 metu
1197 4172 1246 4207 use
1263 4144 1402 4220 generally.

242 4237 274 4284 23
290 4237 336 4299 qut
347 4235 405 4285 edd.
417 4236 483 4286 after
499 4239 583 4288 lamb
603 4231 661 4291 and¹
672 4242 755 4300 Dea,
764 4243 830 4304 gutd
844 4255 903 4301 aree,
920 4240 953 4291 ef.
971 4240 1057 4290 Madv.
1071 4243 1161 4304 Opuee.
1172 4242 1217 4290 Ae.
1229 4254 1252 4288 11
1266 4253 1292 4301 p.
1304 4235 1353 4288 265
1363 4253 1400 4302 n.,

241 4317 304 4368 Seh.
323 4320 368 4380 Op.
384 4321 484 4373 111325.
594 4324 627 4374 26
642 4326 822 4375 inveterascere
837 4323 1047 4385 Forehhemmer,
1060 4326 1200 4373 inveterare
1212 4335 1262 4371 uae
1273 4321 1404 4386 generally

155 4396 156 4399 ’
244 4399 319 4456 Allen
331 4398 416 4458 Klotz,
427 4402 565 4452 inveterari
577 4403 600 4452 G
611 4404 719 4454 Moser’a
730 4405 777 4454 La.
790 4404 885 4454 Heind.
898 4406 942 4455 Or.
953 4406 1000 4457 Ba.
1014 4405 1077 4457 Sch.
1088 4404 1143 4455 Mu.
1156 4421 1198 4457 see
1209 4406 1308 4457 Oumm
1330 4455 1333 4459 ,
