3016 4966
387 387 451 434 ure.
475 387 503 434 11
526 385 597 434 oar.
622 387 690 448 mv,
712 388 758 435 nv
781 371 820 456 ἓξ
846 374 1025 438 133-138.
1244 375 1288 473 53

123 532 251 597 aridum
266 539 316 597 est
331 531 399 598 sive
414 532 571 611 umidum,
588 532 674 617 quod
697 533 826 618 recepit,
842 541 880 597 ut
895 533 929 598 id
945 534 1065 599 mutari
1081 543 1115 600 et
1129 532 1284 618 concoqui

121 637 243 721 possit3
265 659 368 722 eaque
384 644 456 700 turn
475 637 672 722 astringitur,
688 645 761 701 turn
776 638 940 702 relaxatur
957 647 1057 724 atque
1077 661 1181 716 omne,
1198 638 1284 724 quod
1310 673 1313 679 ·

122 741 256 826 accepit,
283 741 369 825 cogit
392 751 426 806 et
447 742 625 820 confundit,
648 752 686 807 ut
709 744 801 808 facile
823 753 857 808 et
887 745 998 822 calore,
1022 767 1119 831 quem
1141 745 1283 810 multum

122 842 231 921 habet,
254 851 287 906 et
309 842 442 907 terendo
465 843 535 908 cibo
559 853 592 908 et
614 852 782 929 praeterea
804 846 920 930 spiritu
944 847 1052 911 omnia
1074 855 1164 912 cocta
1184 856 1283 932 atque

90 947 267 1035 5conlecta
289 945 323 1009 in
343 946 506 1030 reliquum
526 969 640 1032 corpus
661 947 855 1012 dividantur.
902 950 968 1015 LV.
1014 951 1055 1014 In
1076 951 1283 1036 pulmonibus

122 1036 235 1115 au‘tem
249 1051 334 1115 inest
349 1050 464 1115 raritas
479 1051 639 1135 quaedam
658 1061 691 1116 et
713 1052 865 1116 assimilis
887 1054 1030 1140 spongiis
1051 1054 1221 1119 mollitudo
1243 1053 1284 1118 ad

121 1156 338 1220 hauriendum
354 1156 505 1240 spiritum
521 1156 696 1240 aptissima,
712 1157 856 1246 quitum
877 1179 910 1222 se
931 1159 1126 1223 contrahunt
1141 1159 1285 1244 aspiran-

122 1269 180 1340 teS,
209 1271 281 1326 turn
311 1262 346 1325 in
375 1262 539 1346 respirate
569 1261 716 1339 dilatant,
743 1271 781 1326 ut
811 1263 999 1348 frequenter
1028 1263 1165 1328 ducatur
1193 1262 1284 1327 cibus

123 1367 281 1445 animalis,
298 1388 361 1451 quo
376 1367 519 1432 maxime
538 1367 673 1432 aluntur
692 1369 883 1433 animantes,
928 1370 977 1433 Ex
994 1369 1157 1434 intestinis
1172 1379 1284 1434 autern
1298 1376 1353 1435 1³7

72 1496 110 1537 10
123 1480 264 1536 secretus
278 1494 298 1535 a
316 1471 440 1555 reliquo
460 1471 531 1535 cibo
551 1493 646 1535 sucus
668 1472 704 1548 is,
725 1494 789 1557 quo
811 1473 939 1552 alimur,
955 1482 1125 1558 permanat
1140 1473 1181 1538 ad
1192 1474 1285 1559 jecur

123 1599 181 1662 per
195 1576 350 1661 quasdam
366 1598 386 1639 a
401 1576 507 1641 medio
523 1577 677 1641 intestino
692 1599 795 1663 usque
812 1578 976 1663 adportas
990 1579 1107 1665 jecoris
1123 1580 1182 1664 (sic
1197 1579 1284 1644 enim

123 1679 342 1765 appellantur)
374 1678 488 1742 ductas
514 1687 547 1742 et
569 1678 713 1742 derectas
735 1679 813 1758 vias,
838 1702 922 1764 quae
943 1681 1110 1765 pertinent
1133 1680 1174 1744 ad
1192 1681 1285 1766 jecur

124 1783 220 1868 eique
243 1783 428 1848 adhaerent.
472 1783 584 1868 Atque
605 1783 682 1848 inde
704 1783 787 1848 aliae
810 1784 876 1850 clio
898 1784 1100 1869 pertinentes
1123 1790 1206 1862 sunt,
1226 1805 1286 1868 per

125 1908 205 1971 quas
220 1886 306 1950 cadit
326 1886 417 1950 cibus
435 1908 455 1949 a
473 1886 582 1971 jecore
602 1886 754 1972 dilapsus
799 1888 852 1952 Ab
868 1910 906 1952 eo
921 1888 992 1953 cibo
1008 1910 1082 1952 cum
1098 1895 1148 1952 est
1164 1895 1286 1952 secreta

76 2009 110 2070 15
125 1992 199 2056 bilis
224 1991 313 2077 iique
337 2013 473 2068 umores,
497 1964 597 2075 qul³e
624 1992 755 2057 renibus
776 1993 1026 2077 profunduntur,
1048 1993 1174 2078 reliqua
1195 2015 1229 2058 se
1251 1994 1286 2056 in

125 2099 316 2184 sanguinem
346 2106 478 2163 vertunt
501 2099 541 2161 ad
565 2098 758 2183 easdemque
780 2107 889 2184 portas
906 2098 1024 2184 jecoris
1047 2098 1221 2175 confluunt,
1245 2097 1286 2162 ad

125 2228 205 2291 quas
228 2227 339 2270 omnes
361 2205 432 2290 ejus
454 2203 526 2269 viae
548 2205 734 2289 pertinent;
754 2226 813 2289 per
835 2226 915 2288 quas
937 2205 1045 2289 lapsus
1065 2203 1156 2268 cibus
1176 2204 1211 2266 in
1225 2203 1286 2266 hoc

125 2310 195 2394 ipso
209 2309 278 2372 loco
293 2309 329 2389 in
345 2330 417 2372 earn
432 2329 558 2386 venam,
574 2329 657 2392 quae
673 2329 752 2371 cava
769 2308 961 2392 appellatur,
983 2307 1192 2386 confunditur
1213 2328 1285 2390 per·
1350 2379 1360 2393 .

126 2436 189 2500 que
216 2436 288 2479 eam
312 2413 353 2477 ad
377 2435 430 2477 cor
453 2414 616 2478 confectus
637 2413 708 2498 jam
731 2421 907 2498 coctusque
930 2413 1118 2499 perlabitur,
1147 2435 1167 2476 a
1192 2411 1286 2477 corde

76 2546 113 2587 20
126 2527 236 2585 autem
252 2519 287 2582 in
301 2525 408 2582 totum
424 2541 537 2604 corpus
553 2518 759 2583 distribuitur
774 2542 831 2605 per
848 2541 947 2583 venas
969 2519 1144 2584 admodum
1166 2519 1286 2582 multas

126 2623 159 2686 in
176 2646 288 2688 omnes
302 2631 410 2708 partes
432 2622 572 2707 corporis
593 2623 802 2706 pertinentes.
848 2623 955 2702 Quem
970 2623 1160 2687 admodum
1175 2630 1285 2686 autem
1300 2627 1356 2687 138

126 2726 282 2812 reliquiae
297 2726 360 2791 cibi
382 2726 587 2810 depellantur
606 2735 678 2790 turn
698 2727 954 2811 astringentibus
972 2750 1006 2792 se
1024 2727 1197 2802 intestinis,
1214 2735 1287 2790 tum

127 2828 355 2906 relaxantibus,
370 2829 459 2893 haud
475 2850 551 2892 sane
566 2828 695 2892 difficile
711 2828 800 2893 dictu
816 2837 874 2908 est,
887 2830 944 2894 sed
955 2839 1065 2894 tamen
1079 2837 1287 2915 praetereun-

127 2933 207 2996 dum
237 2939 294 3010 est,
322 2953 364 2995 ne
395 2931 474 3016 quid
504 2930 622 2995 habeat
653 2932 902 3017 injucunditatis
932 2933 1041 2997 oratio.
1087 2931 1150 2996 Illa
1178 2932 1288 3017 potius

79 3055 114 3117 25
128 3034 306 3120 explicetur
330 3032 528 3098 incredibilis
557 3033 678 3098 fabrica
706 3041 858 3099 naturae:
889 3057 966 3098 nam
995 3056 1078 3118 quae
1108 3034 1224 3119 spiritu
1252 3033 1287 3097 in

128 3140 298 3224 pulmones
321 3137 431 3202 anima
456 3136 594 3214 ducitur,
623 3159 662 3202 ea
687 3137 816 3202 calescit
840 3137 982 3222 primurn
1006 3138 1075 3222 ipso
1098 3137 1140 3202 ab
1162 3136 1286 3221 spiritu,

179 3395 193 3444 1
209 3396 302 3458 recepit
321 3395 413 3458 [selu
433 3396 525 3457 recipit
545 3394 635 3444 OEPV
650 3394 751 3450 Oxf.÷.
852 3398 981 3459 succepit
999 3394 1165 3459 [Assmvysrr
1185 3393 1284 3455 Oxf.÷,

129 3479 224 3540 occipit
234 3476 351 3530 13²0P÷.
450 3478 531 3526 calore
544 3477 608 3540 [Βο]
620 3476 679 3526 Oxr'.
691 3482 725 3539 Μ,
737 3479 844 3526 calmem
854 3476 961 3525 AEPV.¹
1054 3477 1070 3524 4
1086 3483 1111 3525 et
1123 3477 1221 3524 tercado
1233 3477 1287 3524 cibo

130 3573 177 3608 uss
188 3559 325 3621 generally,
337 3567 362 3609 et
374 3561 473 3609 terendo
485 3559 528 3609 Or.
540 3560 587 3610 Ba.
600 3560 667 3610 efter
678 3559 773 3619 Madv,
786 3562 918 3610 emerendo
930 3562 983 3610 cibo
994 3564 1093 3618 n0v÷,
1106 3573 1135 3608 ee
1153 3559 1253 3607 tercado
1264 3573 1286 3607 c.

130 3639 233 3704 Heind,
248 3642 376 3690 atterendo
387 3655 408 3690 c.
421 3640 528 3690 Moser's
540 3640 576 3700 M,
588 3643 616 3690 in
628 3643 728 3691 terendo
739 3657 760 3691 c.
774 3641 890 3690 Gruter'e
900 3641 955 3690 Pal.
965 3643 988 3692 3.
1090 3642 1105 3688 8
1122 3641 1151 3688 in
1161 3641 1288 3702 respirate

131 3723 206 3775 Klotz
224 3724 283 3775 Soh.
301 3724 353 3774 Mu.
366 3724 433 3774 alter
449 3723 549 3786 Lamb,
563 3727 593 3774 ic
608 3740 634 3774 rc
653 3727 748 3788 spiritu
764 3723 912 3785 ABOPle,
926 3726 955 3772 in
970 3725 1092 3786 respirem
1108 3723 1139 3781 E,
1151 3738 1177 3772 se
1193 3724 1288 3785 spirita

131 3804 319 3864 V¹lllfflolt÷,
336 3807 430 3868 spirita
445 3821 470 3855 se
488 3805 556 3864 Ort,
574 3822 599 3856 sc
617 3809 646 3855 in
663 3808 757 3869 spiritu
774 3806 837 3862 HL,
855 3807 968 3854 intrante
984 3806 1078 3866 spiritu
1094 3803 1137 3853 Or.
1154 3803 1200 3854 Ba.
1221 3803 1289 3852 after

133 3885 218 3938 Madv.
317 3889 332 3938 9
349 3895 432 3936 autem
444 3887 468 3936 G
479 3887 536 3937 edd.
549 3888 615 3938 after
625 3888 699 3947 Dav,
711 3894 795 3937 uatem
811 3889 869 3935 aloc
884 3900 932 3935 uss
947 3885 1077 3948 generally
1089 3884 1211 3948 (perhaps
1222 3885 1289 3934 from

134 3970 237 4018 eluntre
252 3967 351 4029 above),
366 3971 424 4018 alvo
440 3976 524 4019 autem
540 3969 608 4029 0xf..
621 3976 704 4019 autem
720 3977 744 4019 et
761 3971 818 4018 alvo
837 3973 902 4018 Hm.
1015 3968 1045 4015 12
1062 3970 1224 4031 appellantur
1241 3981 1290 4016 nse

133 4049 270 4111 generally,
287 4049 417 4111 appellunt
433 4048 458 4098 U
475 4048 532 4100 Aee.
552 4049 637 4099 Klotz.
753 4050 863 4098 derectos
880 4047 944 4105 Mu,
963 4048 1072 4096 directos
1094 4061 1142 4096 ross
1161 4046 1213 4096 and
1231 4046 1289 4096 edd.

133 4130 168 4177 ed
180 4130 255 4191 jecur
270 4131 342 4191 eique
357 4129 424 4178 BGV
439 4129 496 4179 Oxf.
513 4135 566 4192 ΒΜ,
581 4133 615 4180 ud
626 4132 756 4193 jecorique
770 4131 801 4189 A,
812 4131 940 4191 jecorique
952 4129 1075 4182 Elaea
1174 4128 1205 4176 13
1222 4128 1291 4176 oliae

133 4211 185 4259 olio
197 4216 264 4272 pert.
279 4208 338 4259 Sch.
349 4209 397 4259 Ba.
410 4209 464 4259 Mu.
478 4211 545 4260 alter
561 4211 668 4271 Hand„
682 4212 751 4260 altae
764 4217 831 4273 pert.
845 4223 893 4258 ross
904 4209 988 4268 Allan,
1004 4211 1071 4257 uliae
1089 4209 1124 4257 ad
1139 4221 1208 4256 renes
1221 4213 1287 4268 pert.

134 4291 224 4341 Lamb.
236 4289 364 4349 Vaucher,
378 4293 544 4355 aliae...pert.
556 4292 631 4343 Klotz
644 4293 687 4343 Or.
760 4294 790 4344 19
808 4299 936 4355 coctusque
948 4291 971 4340 V
983 4289 1090 4340 Wallrer
1101 4289 1169 4347 edd,
1181 4295 1290 4337 coactae-

135 4389 181 4436 que
193 4387 242 4422 uss
253 4371 390 4449 generally,
401 4380 580 4436 concoctueque
592 4373 676 4424 Madv.
690 4375 749 4423 Fia.
763 4388 790 4435 p.
803 4372 868 4424 254¹.
