3016 4966
213 359 254 435 10
597 373 644 423 nn
666 371 808 424 narona
828 370 984 422 unorum

212 521 342 585 alantur
364 528 459 606 atqle
482 527 636 598 crescant,
656 519 845 586 contineant
867 519 905 583 in
927 540 962 584 se
985 518 1053 584 vim
1074 519 1196 597 caloris,
1217 519 1288 586 aine
1307 543 1374 608 qua

212 649 318 712 neque
339 626 383 691 ali
399 633 531 712 possent
548 648 608 691 nec
628 647 777 690 crescere.
822 625 911 688 Nam
931 628 1035 702 omne,
1053 625 1139 709 quod
1162 633 1211 690 est
1231 625 1374 691 calidum

212 740 247 798 et
272 733 413 819 igneum,
437 731 542 796 cietur
567 739 601 795 et
624 731 734 815 agitur
755 737 846 794 motu
866 751 946 808 suo;
973 729 1060 814 qnod
1086 738 1199 794 autem
1219 730 1319 794 alitur
1338 738 1374 796 et

212 838 334 914 crescit,
349 846 440 901 motu
456 836 596 921 quodam
615 836 721 900 utitur
740 843 827 899 certo
849 843 884 899 et
906 835 1090 919 aequabili;
1111 835 1169 921 qui
1194 859 1294 922 quam
1316 836 1373 901 diu
1396 828 1400 835 ¹

213 949 361 1006 remanet
382 941 417 1004 in
439 940 541 1017 nobis,
558 948 628 1003 tam
647 939 705 1003 diu
725 959 837 1002 sensus
856 945 890 1002 et
910 939 979 1002 vita
1000 947 1166 1018 remanet3
1187 940 1374 1024 refrigerato
1407 954 1424 1015 5

164 1055 202 1112 24
214 1054 324 1114 autem
340 1052 374 1109 et
389 1046 547 1109 exstincto
562 1044 665 1108 calore
681 1043 857 1108 occidimus
869 1044 932 1129 ipsi
948 1052 982 1109 et
997 1045 1242 1130 exstinguimur.
1277 1047 1373 1126 Quod
1448 1097 1452 1103 .

214 1146 347 1231 quidem
366 1146 540 1212 Cleanthes
559 1145 610 1209 his
629 1146 728 1210 etiam
748 1147 948 1231 argumentis
967 1147 1067 1224 docet
1086 1155 1210 1232 quanta
1227 1147 1277 1211 vis
1295 1147 1375 1212 insit

214 1252 327 1317 caloris
353 1251 388 1317 in
411 1250 501 1314 omni
532 1273 681 1336 corpore:
715 1260 814 1336 negat
837 1253 926 1317 enim
952 1274 1030 1340 esse·
1045 1254 1150 1317 ullum
1172 1252 1281 1317 cibum
1304 1261 1374 1318 tam

168 1416 172 1424 .
214 1378 354 1440 gravem,
376 1354 456 1440 quin
478 1355 505 1420 is
528 1364 622 1420 nocte
645 1363 679 1420 et
700 1355 753 1420 die
775 1364 1011 1441 concoquetur3
1034 1356 1126 1440 cujus
1148 1357 1249 1422 etiam
1269 1358 1304 1422 in
1324 1381 1374 1423 re·

139 1477 143 1484 '
214 1460 325 1546 liquiis
340 1461 418 1526 insit
432 1461 517 1525 calor
533 1461 581 1538 iis,
596 1483 676 1545 quas
693 1469 812 1526 natura
825 1461 995 1546 respuerit.
1039 1463 1118 1528 Jam
1133 1486 1208 1528 vero
1223 1487 1325 1529 venae
1340 1453 1375 1529 et
1390 1491 1427 1530 ro

215 1565 352 1631 arteriae
366 1565 485 1629 micare
499 1588 565 1630 non
581 1565 735 1630 desinunt
744 1566 836 1650 quasi
848 1566 988 1651 quodam
1002 1566 1097 1652 igneo
1112 1576 1213 1647 motu,
1228 1569 1375 1634 animad-

214 1690 408 1753 versumque
432 1691 528 1753 saepe
552 1676 610 1745 est,
635 1691 709 1734 cum
728 1692 783 1760 cor
810 1670 986 1740 animantis
1006 1673 1142 1758 alicujus
1162 1675 1375 1740 evulsum-ita

129 1824 132 1830 .
215 1773 380 1838 mobiliter
397 1773 580 1858 palpitaret,
599 1783 638 1838 ut
661 1774 845 1839 imitaretur
866 1776 995 1861 igneam
1017 1778 1223 1846 celeritatem.
1268 1780 1375 1846 Omne

215 1876 323 1962 igitur,
340 1877 427 1961 quod
442 1876 532 1953 vivit,
549 1877 616 1956 sive
631 1877 752 1941 animal
767 1878 833 1942 sive
852 1887 939 1943 terra
954 1879 1088 1959 editum,
1105 1881 1138 1945 id
1150 1882 1231 1946 vivit
1245 1892 1379 1968 propter

168 2031 171 2037 .
216 1981 376 2045 inclusum
402 1981 437 2044 in
461 2003 499 2045 eo
525 1981 671 2046 calorem.
717 1983 767 2046 Ex
791 2004 855 2068 qno
879 1983 1027 2070 intellegi
1052 1985 1149 2049 debet
1171 2008 1242 2050 eam
1263 1987 1375 2052 caloris
1391 2010 1426 2071 15

217 2094 366 2150 naturam
383 2086 448 2148 vim
463 2082 582 2150 habere
597 2087 632 2150 in
653 2108 687 2150 se
707 2087 840 2150 vitalem
862 2110 1072 2172 peromnem
1094 2089 1253 2153 mundum
1275 2090 1376 2174 perti-

167 2198 359 2260 acuentem.
394 2189 505 2275 Atque
520 2190 553 2272 id
568 2190 694 2254 facilius
708 2208 878 2255 cernemus
889 2198 959 2256 toto
970 2213 1088 2276 genere
1100 2191 1160 2255 hoc
1172 2192 1275 2277 igneo,
1289 2193 1375 2277 quod

218 2284 325 2358 tranat
347 2294 463 2372 omnia,
488 2293 639 2358 subtilius
659 2290 827 2385 explicato
872 2294 993 2359 Omnes
1014 2294 1116 2379 igitur
1134 2303 1243 2380 partes
1262 2296 1377 2360 mundi

219 2398 365 2481 (tangam
383 2405 494 2460 autem
513 2397 685 2479 maximas)
702 2396 806 2460 calore
820 2395 922 2460 fultae
940 2397 1149 2462 sustinentur.
1195 2397 1289 2478 Quod
1311 2392 1376 2483 pri·

218 2522 310 2564 mum
325 2499 359 2563 in
374 2487 502 2574 terrena
516 2508 633 2564 natura
648 2499 785 2584 perspici
805 2506 919 2583 potest.
965 2499 1054 2564 Nam
1078 2486 1120 2563 et¹
1135 2499 1282 2585 lapidum
1302 2523 1377 2565 con·
1392 2529 1430 2568 20

218 2604 310 2667 flictu
324 2611 422 2687 atque
434 2603 516 2665 tritu
532 2602 604 2666 elici
620 2603 729 2686 ignem
741 2599 888 2665 videmus
903 2609 936 2665 et
951 2602 1073 2666 recenti
1085 2603 1223 2667 fossione
1238 2611 1377 2667 terram
1462 2645 1463 2648 =

219 2708 362 2771 fumare
394 2705 592 2783 calentem,
619 2714 717 2790 atque
749 2705 850 2769 etiam
882 2728 923 2769 ex
954 2707 1063 2791 puteis
1087 2699 1232 2793 jugibus*
1258 2699 1377 2794 aquam
1483 2761 1486 2766 .

220 2812 358 2882 calidam
383 2811 478 2888 trahi,
501 2818 535 2875 et
561 2810 595 2874 id
621 2810 764 2874 maxime
789 2810 861 2874 fieri
884 2812 1083 2896 temporibus
1112 2813 1265 2891 hibernis,
1291 2813 1393 2898 quod·

184 2946 187 2951 -
220 2938 339 3000 magna
359 2914 408 2978 vis
431 2923 536 2979 terrae
558 2914 701 2987 cavernis
721 2914 925 2978 contineatur
946 2913 1057 2978 caloris
1079 2937 1182 3000 eaque
1205 2915 1313 2980 hieme
1336 2916 1379 2979 sit

147 3057 163 3107 3
220 3021 348 3086 densior
365 3019 406 3084 ob
424 3042 561 3104 eamque
581 3042 711 3084 causam
730 3020 867 3083 calorem
889 3018 1025 3083 insitum
1045 3019 1080 3082 in
1100 3020 1194 3084 terris
1214 3020 1379 3105 contineat
1393 3037 1430 3098 25

171 3137 208 3196 26
221 3126 330 3192 artius,
375 3125 416 3190 X.
461 3125 572 3210 Longa
591 3133 640 3188 est
655 3125 756 3188 oratio
772 3124 960 3208 multaeque
975 3117 1123 3201 rationes,
1140 3124 1258 3209 quibus
1272 3124 1380 3188 doceri

222 3228 321 3316 possit
347 3227 464 3305 omnia,
490 3249 573 3313 quae
593 3235 680 3291 terra
702 3226 860 3311 concipiat
881 3226 1012 3304 semina,
1031 3249 1179 3312 quaeque
1199 3226 1270 3311 ipsa
1287 3248 1327 3290 ex
1344 3247 1379 3290 se
1483 3226 1487 3231 ’

221 3341 375 3420 generata
398 3332 562 3423 stirpibus¹
577 3331 678 3395 infixa
695 3325 870 3408 contineat,
891 3353 930 3394 ea
953 3331 1187 3416 temperatione
1208 3330 1320 3395 caloris
1347 3337 1380 3393 et
1474 3327 1476 3332 ’

221 3440 296 3504 oriri
312 3447 346 3503 et
363 3460 541 3523 augescere.
584 3437 695 3522 Atque
714 3459 817 3522 aquae
836 3437 935 3501 etiam
956 3437 1138 3501 admixtum
1157 3459 1226 3501 esse
1244 3437 1381 3500 calorem

222 3543 363 3626 primum
377 3541 446 3626 ipse
461 3540 567 3625 liquor
584 3562 687 3624 aquae
706 3539 847 3605 declarat
863 3540 1014 3624 [effusio],
1031 3562 1113 3625 quae
1132 3563 1238 3626 neque
1252 3539 1381 3624 congla—
1394 3557 1434 3612 30

223 3694 279 3744 edd.
289 3693 356 3744 after
367 3692 469 3753 Lama,
479 3695 595 3758 physicis
609 3693 647 3758 (or
653 3693 756 3759 syriais)
769 3696 798 3743 id
808 3701 844 3742 est
855 3695 1015 3742 naturalibus
1026 3707 1075 3743 uss
1086 3693 1172 3743 Allen.
1238 3693 1381 3757 confirmari

222 3790 272 3825 mss
284 3774 415 3838 generally
425 3774 508 3832 Allen,
521 3772 664 3839 coqrirncaue
675 3776 737 3837 Reg.
750 3780 788 3826 00
798 3775 907 3824 Moser’s
918 3774 946 3822 M
957 3774 1013 3824 edd.

272 3856 287 3904 1
304 3857 552 3904 amatur—crescant
561 3869 611 3903 uss
620 3855 756 3917 generally,
766 3856 1017 3904 aluntur-crescunt
1029 3853 1052 3902 G
1064 3855 1108 3904 Or.
1120 3853 1168 3903 Ba.
1179 3851 1239 3903 Sch.
1305 3858 1381 3913 utque
1434 3903 1437 3909 ι

156 3941 158 3945 “
223 3934 299 3985 Allan
311 3935 355 3983 Or.
366 3925 418 3984 Bas
429 3933 499 3991 Sch..
511 3942 536 3983 et
551 3951 616 3998 quae
629 3949 679 3984 uss
695 3935 825 3997 generally
842 3934 907 3993 Mn,
923 3941 947 3983 et
962 3933 1035 3983 EGU
1051 3932 1109 3984 Oxf.
1127 3938 1173 3985 Lo.
1263 3932 1303 4000 ι10
1320 3932 1383 3981 iacit

224 4009 328 4073 Heind,
340 4016 405 4062 iacet
417 4028 465 4062 mss
472 4014 534 4064 edd.
624 4016 656 4063 21
674 4018 738 4064 tritu
747 4015 936 4078 A⁹[BcEP]1.o‚
947 4017 1002 4063 ritu
1013 4008 1197 4076 A1V1,r‹.·ruV2
1209 4013 1267 4061 Oxf.
1278 4013 1339 4062 Asc.
1347 4023 1382 4064 l.

224 4097 256 4145 22
267 4099 370 4160 facture
382 4096 503 4144 calentem
513 4096 572 4145 Asc.
581 4102 629 4158 to,
638 4099 739 4160 fumare
750 4099 898 4146 recolentem
908 4109 957 4145 mss
968 4095 1107 4158 generally.
1208 4095 1239 4143 24
1256 4095 1384 4143 continea-

184 4197 187 4202 ·
225 4179 494 4228 tar-ctt-ccntineat
514 4192 564 4227 uss
583 4178 719 4241 generally,
739 4179 1085 4241 continetur—fit—continet
1105 4177 1149 4226 Or.
1167 4177 1215 4225 Ba.
1237 4175 1297 4226 Sch.
1315 4175 1384 4226 after

225 4257 320 4309 Heind
339 4257 490 4320 (continetur
500 4263 552 4320 ER,
567 4261 602 4323 fit
613 4260 655 4312 GV
665 4260 755 4322 Mara,
769 4263 898 4310 continent
908 4258 952 4324 Η).
1049 4259 1142 4308 calama
1159 4258 1227 4307 after
1237 4260 1276 4306 vis
1287 4257 1381 4309 Forch.

225 4342 284 4393 soc
296 4339 344 4388 cal.
359 4343 417 4386 terr.
430 4344 496 4386 cont.
507 4353 568 4405 ccc.
595 4385 597 4389 ,
661 4340 692 4388 25
709 4341 738 4388 in
750 4329 832 4397 larris,
843 4340 949 4391 interius
961 4337 1036 4388 Allen
1048 4337 1115 4387 aiter
1125 4335 1210 4387 Bcuh.⁴
1223 4335 1275 4386 and
1286 4336 1381 4387 Heind.
