3016 4966
437 337 502 385 Lm.
525 336 553 384 11
576 335 648 384 cnr.
672 319 951 404 uxrv-rxv1§§
975 321 1155 386 169-166.
1332 321 1374 384 63
1405 400 1408 404 Α

215 481 314 546 etiam
328 481 472 568 pericula
486 481 622 567 depulsa
636 489 722 546 sunt.
769 480 861 544 Haec
876 479 986 565 igitur,
1002 481 1069 546 sive
1085 482 1133 546 vis
1152 482 1219 546 sive
1239 505 1290 546 ars
1308 482 1375 547 sive

215 594 341 666 natura,
357 587 399 651 ad
419 587 587 652 scientiam
606 607 715 649 rerum
735 586 920 649 futurarum
942 585 1065 648 homini
1087 586 1227 670 profecto
1248 595 1297 650 est
1317 608 1376 651 nec

215 689 271 753 alii
287 691 439 776 cuiquam
454 712 474 753 a
488 690 537 753 dis
552 688 789 753 immortalibus
803 688 887 752 data.
933 689 1024 768 Quae
1039 689 1065 752 si
1081 689 1208 774 singula
1222 712 1277 754 vos
1293 691 1375 754 forte

215 815 281 856 non
307 800 448 870 movent,
471 793 621 856 universa
643 799 728 855 certe
748 798 860 855 tamen
880 791 967 854 inter
989 813 1022 855 se
1044 813 1164 855 conexa
1182 800 1281 876 atque
1301 813 1374 855 con-

185 914 201 973 5
211 895 328 980 juncta
342 917 470 960 movere
487 895 658 961 debebant.

281 1001 352 1066 Nec
366 1024 441 1066 vero
456 1002 605 1066 universo
620 1000 731 1086 generi
746 999 916 1064 hominum
932 999 1044 1077 solum,
1056 999 1112 1063 sed
1125 999 1225 1063 etiam
1241 998 1376 1084 singulis
1390 1004 1446 1063 164

217 1131 237 1173 6
256 1107 306 1171 dis
325 1106 561 1172 immortalibus
579 1105 703 1170 consuli
722 1113 755 1170 et
774 1103 935 1190 provideri
953 1104 1042 1169 solet.
1087 1103 1177 1168 Licet
1197 1104 1284 1169 enirn
1303 1125 1377 1168 con·

217 1210 344 1275 trahere
360 1210 607 1275 universitatem
621 1211 749 1295 generis
761 1209 896 1273 humani
913 1231 1048 1294 eamque
1064 1209 1225 1294 gradatim
1240 1209 1281 1273 ad
1296 1232 1376 1294 pau-

216 1315 325 1390 ciores,
334 1322 495 1400 postremo
507 1313 664 1378 deducere
680 1313 721 1377 ad
737 1313 887 1397 singulos
925 1312 1043 1378 LXVI.
1081 1312 1169 1376 Nam
1185 1313 1212 1377 si
1228 1313 1377 1378 omnibus

167 1438 203 1478 10
215 1418 410 1496 hominibus,
426 1418 483 1503 qui
498 1418 618 1504 ubique
634 1427 710 1482 sunt
725 1438 928 1502 quacumque
943 1417 976 1481 in
993 1439 1047 1480 ora
1062 1440 1098 1482 ao
1110 1426 1202 1502 parte
1217 1426 1376 1483 terrarum

217 1522 259 1586 ab
274 1522 409 1607 hujusce
425 1530 538 1600 terrae,
551 1544 649 1607 quam
661 1544 719 1586 nos
731 1521 909 1598 incolimus,
921 1521 1163 1585 continuatione
1176 1521 1377 1599 distantium,

218 1626 294 1690 deos
312 1626 477 1690 consulere
498 1646 665 1690 censemus
688 1625 729 1689 ob
750 1647 804 1689 eas
823 1647 944 1704 causas,
963 1647 1042 1710 quas
1060 1634 1136 1689 ante
1156 1625 1306 1701 diximus„
1327 1626 1378 1691 his

159 1777 163 1782 -
217 1750 346 1814 quoque
362 1729 547 1795 hominibus
562 1729 743 1804 consulunt,
755 1728 812 1812 qui
826 1728 885 1791 has
900 1727 1067 1792 nobiscum
1082 1737 1183 1793 terras
1197 1728 1239 1793 ab
1254 1729 1377 1794 oriente

218 1833 259 1898 ad
274 1833 473 1897 occidentem
488 1832 606 1897 colunt.
647 1832 704 1898 Sin
721 1841 832 1896 autem
846 1831 896 1895 bis
912 1832 1093 1905 consulunt,
1109 1832 1165 1917 qui
1180 1833 1272 1918 quasi
1288 1857 1376 1919 mag·
1391 1844 1445 1903 166

169 1957 203 2018 15
218 1959 293 2001 nam
305 1937 468 2021 quandam
480 1937 619 2002 insulam
631 1936 785 2012 incolunt,
797 1958 895 2020 quam
909 1959 966 2001 nos
976 1937 1086 2002 orbem
1099 1945 1204 2002 terrae
1216 1960 1377 2018 vocamus,

199 2040 318 2105 'etiarn
336 2040 401 2104 illis
418 2040 601 2118 consulunt,
622 2039 680 2124 qui
698 2047 806 2124 partes
824 2038 894 2123 ejus
917 2039 1040 2103 insulae
1061 2048 1185 2118 tenent,
1205 2042 1377 2127 Europam,

219 2144 344 2226 Asiam,
368 2144 517 2208 Africam.
563 2142 649 2228 Ergo
673 2149 707 2206 et
730 2165 841 2207 earum
865 2151 973 2227 partes
996 2143 1144 2228 diligunt,
1170 2154 1208 2209 ut
1232 2146 1377 2223 Romam,

218 2246 375 2325 Athenas,
402 2246 561 2331 Spartam,
589 2246 750 2322 Rhodum,
775 2253 808 2310 et
834 2267 946 2309 earum
972 2245 1103 2309 urbium
1133 2249 1306 2332 separatim
1337 2249 1378 2313 ab

218 2353 376 2417 universis
390 2352 532 2437 singulos
552 2352 701 2437 diligunt,
718 2360 756 2415 ut
776 2350 893 2435 Pyrrhi
916 2351 1000 2415 bello
1023 2351 1167 2428 Curium,
1182 2352 1376 2430 Fabricium,

170 2476 207 2514 20
220 2457 468 2534 Coruncanium,
496 2457 599 2542 primo
625 2456 747 2520 Punico
772 2456 969 2534 Calatinum,
995 2455 1171 2533 Duellium,
1198 2456 1378 2535 Metellum,

221 2562 401 2639 Lutatium,
418 2561 557 2625 secundo
577 2559 768 2636 Maximum,
788 2559 987 2639 Marcellum,
1009 2560 1206 2638 Africanum,
1225 2570 1298 2646 post
1320 2564 1379 2627 hos

221 2666 368 2741 Paulum,
394 2664 584 2742 Gracchum,
611 2663 778 2740 Catonem,
805 2671 976 2747 patrumve
1000 2663 1155 2728 memoria
1182 2663 1378 2749 Scipionem,

221 2768 386 2846 Laelium3
411 2766 593 2850 multosque
612 2773 779 2851 praeterea
799 2774 833 2829 et
852 2774 962 2828 nostra
977 2764 1089 2829 civitas
1105 2773 1138 2828 et
1154 2765 1288 2830 Graecia
1302 2766 1380 2831 tulit

221 2871 397 2956 singulares
412 2869 504 2948 viros,
519 2891 656 2954 quorum
671 2868 836 2933 neminem
857 2868 919 2931 nisi
937 2868 1075 2953 juvante
1091 2869 1152 2933 deo
1166 2869 1265 2934 talem
1280 2869 1378 2934 fuisse

173 2996 206 3057 25
220 2973 414 3038 credendum
429 2981 486 3038 est.
530 2972 622 3052 Quae
644 2971 726 3035 ratio
748 2977 861 3055 poetas
882 2971 1089 3056 maximeque
1111 2971 1292 3036 Homerum
1315 2972 1376 3035 im·
1392 2981 1447 3040 166

222 3076 315 3161 pulit,
344 3084 383 3140 ut
411 3074 608 3160 principibus
638 3074 781 3151 heroum,
811 3074 912 3149 Ulixi,
940 3074 1099 3150 Diomedi,
1130 3074 1377 3159 Agamemnoni,

222 3179 351 3257 Achilli,
371 3185 473 3244 certos
491 3178 567 3242 deos
584 3176 805 3241 discriminum
824 3184 857 3241 et
876 3176 1090 3261 periculorum
1112 3177 1245 3241 comites
1265 3178 1379 3262 adjun-

222 3292 320 3369 geret.
365 3283 536 3347 Praeterea
564 3281 708 3366 ipsorum
737 3278 872 3344 deorum
902 3302 996 3365 saepe
1026 3280 1236 3365 praesentiae,
1268 3282 1379 3365 quales

223 3410 319 3475 supra
341 3387 596 3465 commemoravi,
616 3387 779 3451 declarant
801 3385 842 3449 ab
864 3385 904 3450 iis
927 3393 960 3449 et
982 3385 1168 3449 civitatibus
1191 3393 1224 3448 et
1245 3385 1379 3469 singulis

173 3515 211 3571 30
225 3492 407 3558 hominibus
431 3492 577 3570 consuli3
610 3490 696 3576 quod
717 3489 849 3574 quidem
873 3489 1075 3574 intellegitur
1097 3488 1197 3552 etiam
1221 3489 1378 3572 significa-

226 3596 364 3662 tionibus
378 3618 486 3660 rerum
500 3595 691 3672 futurarum,
706 3615 789 3679 quae
807 3601 880 3657 tum
899 3592 1141 3668 dormientibus
1156 3600 1228 3655 tum
1244 3592 1379 3676 vigilan-

271 3828 286 3874 3
304 3827 354 3875 alii
371 3825 488 3887 66666666
504 3823 594 3873 mc
610 3822 682 3883 Red,
696 3824 852 3884 alicuiquam
868 3821 952 3879 XB÷‚
964 3822 997 3868 66
1014 3822 1066 3869 alio
1083 3821 1201 3882 cuiquam
1217 3819 1257 3881 W,
1278 3822 1310 3869 66
1327 3823 1379 3870 olio

180 3912 182 3917 '
225 3910 303 3958 alicui
320 3922 396 3971 quom
414 3906 471 3957 011.
485 3910 540 3964 MV,
552 3907 585 3954 66
601 3907 688 3967 aliquo
706 3920 781 3966 qaam
797 3907 871 3954 HM.
973 3903 988 3951 5
1005 3903 1126 3951 debebant
1137 3901 1323 3964 AB1nv1Gur,
1339 3905 1379 3952 de·

227 3991 297 4041 beant
310 3991 376 4051 Pro,
391 3987 716 4041 debemnr13²cv²÷erlen
735 3986 793 4036 Sch.
806 3986 860 4035 Mu.
876 3999 918 4034 see
930 3984 1028 4034 comm.
1131 3984 1161 4031 12
1179 3986 1208 4032 66
1219 4000 1261 4033 car
1272 3984 1337 4043 edd,
1350 3986 1380 4034 66

227 4074 270 4122 tor
280 4087 331 4122 666
341 4070 477 4134 generally.
577 4070 608 4117 14
625 4071 666 4118 ria
680 4075 771 4128 aorem,
784 4070 807 4116 ri
822 4075 905 4116 autem
920 4065 1004 4115 Bouh.
1018 4064 1076 4116 Sch.
1090 4065 1120 4113 in
1133 4065 1197 4128 App.
1212 4065 1260 4114 but
1271 4080 1313 4114 666
1324 4066 1378 4115 Μ6.
1421 4069 1424 4077 “

225 4158 290 4205 Ado.
304 4157 369 4205 cat.
385 4169 411 4216 p.
425 4154 464 4202 12.
553 4154 592 4202 hir
609 4153 740 4201 6666616661
758 4149 817 4200 Sch.
829 4148 875 4200 Ba.
890 4149 953 4208 Mu„
970 4150 1004 4197 iis
1022 4149 1155 4197 6666661661
1172 4146 1215 4198 Or.
1230 4146 1315 4205 Klotz,
1326 4163 1380 4196 666

226 4235 487 4296 catarrhactas
501 4238 541 4283 116
551 4232 614 4282 Β66.
627 4232 695 4290 Aac„
707 4246 772 4280 6666.
784 4232 838 4280 illis
854 4228 944 4291 UR4,
956 4230 1010 4277 illis
1024 4243 1090 4278 6666.
1104 4227 1159 4277 GH.
1259 4227 1290 4277 19
1308 4228 1378 4293 [dili-

229 4321 300 4385 6661]
311 4319 358 4368 Β6.
