3016 4966
215 461 256 522 54
600 471 648 521 mr
670 472 812 522 NATURA
834 471 989 524 DEORUM.

213 620 332 685 deinde
351 621 542 705 contagione
557 621 759 706 pulmonum,
772 642 812 685 ex
822 641 924 706 eaque
934 642 1008 706 pars
1019 619 1167 685 redditur
1176 618 1373 704 respirando,

212 747 286 810 pars
302 725 482 810 coneipitur
500 725 604 790 cordis
625 733 718 810 parte
740 726 889 811 quadam,
911 748 1009 811 quem
1031 724 1248 790 ventriculum
1270 722 1375 789 cordis

213 830 388 914 appellant,
419 829 472 893 cui
501 830 615 894 similis
645 831 727 894 alter
748 831 921 916 adjunctus
943 837 1000 907 est,
1023 829 1058 893 in
1080 850 1178 914 quem
1200 826 1331 913 sanguis
1354 849 1375 890 a

207 931 317 1017 jecore
340 956 398 1018 per
426 956 543 998 venam
573 934 662 999 illam
692 957 803 999 cavam
833 934 961 1014 influit3
994 955 1096 1018 eoque
1126 933 1221 997 modo
1252 954 1292 997 ex
1321 931 1375 996 his

212 1038 361 1122 partibus
386 1047 420 1104 et
446 1038 577 1124 sanguis
600 1062 658 1125 per
681 1063 780 1105 venas
804 1040 839 1103 in
863 1061 959 1104 omne
984 1060 1098 1124 corpus
1125 1036 1320 1102 diffunditur
1340 1042 1375 1100 et
1411 1051 1428 1112 5

214 1141 347 1226 spiritus
361 1165 418 1227 per
438 1143 579 1208 arterias.
625 1141 793 1230 Utraeque
811 1151 923 1208 autem
944 1142 1072 1207 crebrae
1092 1141 1280 1225 multaeque
1303 1146 1374 1204 toto

214 1267 344 1331 corpore
367 1245 512 1312 intextae
536 1247 604 1310 vim
629 1247 794 1332 quandam
820 1247 1041 1312 incredibilem
1073 1244 1238 1310 artificiosi
1268 1243 1375 1328 operis

145 1355 200 1415 139
214 1348 382 1435 divinique
406 1357 575 1414 testantur.
620 1350 706 1430 Quid
733 1350 839 1414 dicam
862 1349 903 1414 de
933 1350 1080 1415 ossibus?
1114 1370 1197 1434 quae
1226 1345 1376 1433 subjecta

213 1452 337 1536 corpori
355 1452 519 1516 mirabiles
539 1452 762 1516 commissuras
780 1450 904 1515 habent
925 1458 959 1515 et
979 1451 1020 1514 ad
1043 1450 1256 1516 stabilitatem
1279 1457 1375 1534 aptas

212 1554 302 1619 etad
316 1562 406 1619 artus
420 1554 578 1619 finiendos
593 1554 849 1619 accommodatas
868 1553 960 1619 etad
978 1561 1105 1618 motum
1125 1561 1159 1618 et
1177 1553 1219 1617 ad
1242 1574 1373 1617 omnem
1391 1582 1428 1621 10

210 1658 349 1742 eorporis
360 1657 528 1723 actionem.
566 1658 642 1722 Huc
653 1657 736 1722 adde
748 1680 870 1734 nervos
887 1679 907 1720 a
921 1657 1039 1742 quibus
1054 1663 1143 1720 artus
1154 1655 1373 1733 continentur,

211 1782 387 1846 eorumque
417 1759 671 1845 implicationem
698 1782 828 1845 corpore
853 1768 922 1824 toto
951 1759 1180 1844 pertinentem,
1205 1757 1262 1844 qui
1288 1758 1373 1824 sicut

211 1886 313 1928 venae
337 1872 371 1928 et
394 1863 569 1927 arteriaca
589 1861 682 1926 corde
705 1870 826 1927 tractae
847 1871 880 1926 et
903 1863 1064 1948 profectae
1084 1861 1119 1925 in
1139 1883 1253 1948 corpus
1275 1883 1373 1927 omne

142 1966 198 2026 140
211 1965 383 2030 ducuntur.
428 1964 513 2029 LVI.
557 1963 610 2027 Ad
634 1965 717 2029 hano
739 1965 973 2050 providentiam
993 1972 1128 2029 naturae
1148 1972 1219 2029 tam
1234 1964 1373 2050 diligen-

210 2075 279 2131 tem
304 2075 438 2152 tamque
464 2067 627 2131 sollertem
650 2066 785 2151 adjungi
812 2068 916 2133 multa
932 2075 1111 2152 possunt,e
1132 2067 1252 2152 quibus
1274 2067 1373 2132 intel·
1391 2093 1428 2154 15

209 2168 344 2254 legatur,
361 2177 501 2255 quantae
521 2191 571 2234 res
593 2169 779 2234 hominibus
793 2193 813 2234 a
827 2170 876 2234 dis
892 2192 1053 2255 quamque
1074 2170 1212 2236 eximiae
1227 2171 1373 2238 tributae

209 2271 282 2338 sint.
318 2273 384 2354 Qui
397 2273 540 2358 primum
555 2295 609 2337 eos
624 2272 723 2336 humo
739 2273 893 2338 excitatos
908 2274 1007 2338 celsos
1028 2281 1061 2338 εὴ
1077 2283 1199 2339 erectos
1214 2276 1373 2342 constitu-

147 2454 153 2463 ,
209 2387 314 2455 erunt,
329 2385 367 2441 ut
385 2377 518 2441 deorum
538 2376 754 2462 cognitionem
775 2377 900 2440 caelum
920 2377 1085 2441 intuentes
1100 2399 1214 2464 capere
1229 2388 1373 2464 possent.

209 2477 296 2544 Sunt
311 2479 398 2543 enim
414 2501 454 2543 ex
473 2487 559 2544 terra
578 2478 735 2558 homines
748 2501 814 2542 non
835 2489 874 2542 ut
895 2478 1018 2543 incolae
1040 2486 1139 2565 atque
1161 2480 1372 2562 habitatores,

208 2582 264 2648 sed
280 2582 371 2667 quasi
386 2589 580 2666 spectatores
591 2603 779 2666 superarum
790 2603 897 2646 rerum
909 2590 1008 2667 atque
1020 2584 1217 2663 caelestium,
1229 2608 1370 2671 quarum
1390 2622 1430 2662 20

207 2684 427 2769 spectaculum
456 2684 497 2748 ad
533 2684 662 2747 nullum
699 2684 788 2748 aliud
824 2707 926 2770 genus
963 2687 1181 2753 animantium
1217 2691 1371 2774 pertinet

209 2788 331 2852 Sensus
350 2795 460 2852 autem
483 2789 676 2872 interpretes
698 2811 735 2852 ao
757 2790 863 2852 nuntii
886 2812 993 2854 rerum
1016 2791 1051 2854 in
1073 2791 1179 2876 capite
1201 2801 1372 2880 tamquam

208 2888 243 2952 in
258 2912 329 2954 arce
353 2889 488 2953 mirifice
511 2888 552 2952 ad
574 2912 651 2953 usus
676 2892 870 2956 necessarios
895 2902 928 2958 εὴ
954 2895 1033 2959 facti
1059 2903 1092 2959 et
1114 2897 1261 2962 collocati
1283 2907 1371 2970 sunt.

209 2991 297 3055 Nam
312 2992 396 3056 oculi
410 3000 578 3076 tamquam
594 2993 808 3075 speculatores
822 2995 1015 3060 altissimum
1032 2997 1139 3062 locum
1154 2999 1312 3079 obtinent,
1329 3025 1371 3067 ex

141 3101 195 3159 141
209 3115 273 3178 quo
287 3093 428 3178 plurima
443 3094 674 3178 conspicientes
689 3096 866 3179 fungantur
881 3119 938 3162 suo
955 3121 1101 3180 munere3
1125 3109 1158 3166 et
1176 3125 1279 3182 aures,
1294 3128 1370 3172 cum
1387 3141 1425 3200 25

208 3217 322 3259 sonum
345 3194 508 3280 percipere
530 3194 679 3272 debcant,
700 3196 756 3281 qui
778 3206 895 3261 natura
920 3199 955 3262 in
981 3201 1119 3266 sublime
1145 3204 1256 3284 fertur,
1282 3219 1370 3275 recte

208 3297 243 3361 in
265 3298 340 3362 altis
362 3319 529 3382 corporum
552 3296 699 3381 partibus
723 3298 894 3364 collocatae
918 3311 1013 3384 sunt3
1038 3304 1183 3391 itemque
1207 3331 1301 3376 nares
1324 3321 1369 3391 et,

208 3400 295 3486 quod
315 3400 419 3465 omnis
446 3399 522 3463 odor
541 3397 583 3462 ad
609 3421 723 3484 supera
744 3401 854 3479 fertur,
876 3411 962 3468 recte
982 3418 1205 3475 sursumsunt
1225 3421 1266 3490 et,
1281 3416 1370 3500 quod

209 3506 272 3571 cibi
296 3514 330 3570 et
355 3505 496 3592 potionis
514 3504 676 3590 judicium
701 3528 855 3592 magnum
880 3530 991 3573 earum
1012 3519 1069 3590 est,
1091 3536 1157 3578 non
1178 3516 1249 3582 sine
1271 3543 1371 3586 causa

208 3609 410 3674 vicinitatem
426 3609 487 3674 oris
502 3617 630 3674 secutae
646 3619 729 3676 sunt.
774 3611 797 3675 J
798 3634 851 3675 am
866 3621 1023 3697 gustatus,
1039 3617 1096 3702 qui
1110 3622 1230 3688 sentire
1245 3647 1367 3704 eorum,
1383 3661 1424 3717 30

259 3779 273 3826 1
290 3779 436 3842 contupio'ne
449 3780 646 3843 [decerpto
662 3785 830 3845 coopitotiotte
842 3782 865 3832 V
877 3783 935 3833 0¹1.
948 3785 1062 3842 UHM.
1160 3795 1176 3840 2
1194 3810 1266 3858 quem
1276 3797 1336 3849 Am,
1347 3805 1370 3851 v

209 3857 265 3908 edd.
286 3858 351 3908 after
369 3859 454 3919 Klotz,
474 3876 549 3925 quom
568 3875 625 3910 ross.
727 3864 892 3914 ventriculum
909 3865 997 3929 [Bon]
1018 3869 1085 3928 Oxi..
1105 3879 1275 3927 venterculum
1291 3880 1369 3932 APV.

209 3941 282 3989 4tte
305 3941 372 4004 [BE]
394 3943 460 4004 odd„
485 3946 519 3992 iia
540 3942 628 3992 AOPV
650 3945 708 3994 oxf.
835 3946 866 3993 10
885 3947 1013 4008 finiendos
1035 3966 1092 4010 nss,
1115 3956 1248 4017 stupendos
1271 3962 1368 4014 Heind.

210 4025 241 4073 13
259 4030 354 4073 tractae
366 4032 390 4073 ct
397 4028 525 4089 projectae
537 4039 586 4074 uss
597 4026 681 4084 Allen,
691 4030 768 4078 tracti
780 4034 804 4076 et
811 4027 921 4089 profecti
929 4027 986 4080 Asa
998 4032 1077 4085 Herv.
1089 4035 1146 4088 edd.
1250 4045 1282 4094 16
1298 4062 1316 4095 a
1327 4049 1369 4098 dig

210 4118 266 4163 uss,
278 4103 307 4152 in
322 4104 439 4154 braokets
454 4105 513 4155 Sch.
527 4104 593 4170 (who
608 4105 767 4168 conjectures
779 4108 812 4156 ob
826 4108 867 4166 eo)
878 4105 924 4154 Ba.
937 4107 1002 4167 Mu,
1014 4128 1031 4160 o
1043 4115 1087 4162 deo
1098 4117 1190 4169 Lamb.
1202 4122 1269 4175 Dav.
1281 4128 1367 4179 Allan.

210 4188 242 4239 17
258 4202 322 4251 quoe
333 4187 444 4250 Hervag.
456 4186 523 4238 Viot.
536 4187 601 4246 edd„
612 4190 656 4251 qui
667 4202 716 4237 uss
727 4186 823 4238 Heind.
833 4187 916 4235 Allan.
978 4196 1159 4249 cantitamus
1171 4202 1247 4256 0²G0
1258 4207 1365 4273 Heind.,

209 4269 341 4320 voracitati
357 4281 405 4317 uss
422 4268 560 4330 generally.
670 4269 701 4318 19
718 4284 731 4318 e
749 4276 817 4318 terra
837 4265 895 4317 Solu
1008 4274 1039 4321 26
1056 4279 1085 4325 in
1101 4281 1205 4333 sublim
1221 4301 1270 4338 uss
1288 4290 1367 4343 Klotz

208 4351 292 4411 Allan,
308 4351 356 4413 [ia]
369 4351 471 4399 sublime
488 4348 548 4399 fich.
566 4349 630 4410 Mu,
648 4349 868 4399 subtimeret.
885 4348 927 4409 (cf.
944 4353 970 4412 ἐς
988 4353 1028 4414 44,
1041 4357 1107 4422 101),
1208 4370 1240 4421 27
1257 4379 1282 4420 et
1300 4378 1368 4438 qm

209 4431 319 4484 ABOPV
330 4431 387 4482 Oxf.
400 4437 459 4489 134,
473 4447 500 4481 eo
511 4432 577 4494 quod
588 4431 682 4481 Emov
693 4430 767 4480 Allan
778 4431 855 4480 Klotz
868 4430 927 4481 Soh.
