3022 4994
228 430 269 493 36
612 443 658 490 un
680 442 822 491 aarum
844 442 997 492 nnoauu.

227 587 358 672 aliquo
381 596 552 672 tempore
574 588 781 672 patefactis
802 602 927 653 terrae
950 588 1123 653 faucibus
1149 611 1193 652 ex
1217 587 1297 652 illis
1320 587 1383 652 ab·

227 689 323 754 ditis
349 690 503 754 sedibus
533 689 638 754 exire
660 690 879 774 potuissent
905 698 1020 774 atque
1042 690 1201 754 evadere
1227 690 1267 754 in
1292 690 1383 754 haec

227 794 321 870 loca,
337 815 433 878 quae
451 815 516 857 nos
533 792 751 858 incolimus:
774 815 857 856 cum
872 802 1029 878 repente
1045 802 1185 857 terram
1203 801 1243 858 et
1263 793 1385 857 maria

227 897 448 981 caelumque
462 896 664 974 vidissent,
680 897 835 961 nubium
850 898 1159 983 magnitudinem
1170 906 1384 962 ventorum-

227 1022 299 1084 que
329 1000 404 1064 vim
431 1002 697 1085 cognovissent
727 1002 1047 1087 aspexissentque
1078 1003 1195 1066 solem
1226 1002 1384 1086 ejusque
1422 1027 1437 1087 5

228 1129 310 1170 curn
345 1104 650 1190 magnitudinem
689 1104 1114 1189 pulchritudinemque,
1146 1115 1226 1175 tum
1266 1105 1384 1168 etiam

228 1210 482 1274 efficientiam
505 1209 784 1295 cognovissent,
808 1208 907 1294 quod
929 1209 961 1272 is
984 1209 1083 1273 diem
1105 1209 1281 1273 efficeret
1304 1216 1384 1272 toto

228 1314 330 1378 caelo
355 1314 438 1377 luce
464 1313 625 1392 diffusa3
657 1336 740 1376 cum
766 1322 895 1377 autem
922 1322 1042 1377 terras
1067 1335 1141 1377 nox
1165 1322 1384 1398 opacasset,

227 1425 307 1481 tum
323 1416 467 1481 caelum
483 1424 604 1481 totum
621 1425 823 1480 cernerent
838 1417 951 1480 astris
969 1416 1195 1480 distinctum
1220 1424 1259 1480 et
1275 1437 1386 1479 orna-

226 1531 306 1586 tum
336 1521 525 1603 lunaeque
555 1519 741 1582 luminum
773 1519 1001 1583 varietatem
1039 1527 1119 1582 tum
1156 1519 1440 1594 crescentiam

227 1636 307 1691 tum
337 1622 571 1688 senescentis
601 1643 804 1706 eorumque
836 1622 1003 1746 orppipm
1033 1630 1137 1685 ortus
1161 1631 1202 1686 et
1233 1644 1386 1686 occasus

228 1739 341 1814 atque
363 1729 402 1791 in
425 1727 524 1790 omni
546 1726 780 1790 aeternitate
806 1705 911 1789 idios
935 1726 1278 1811 1mmutabilesque
1303 1749 1386 1789 cur-

227 1857 311 1916 sus,
329 1855 423 1919 quae
445 1854 528 1896 cum
550 1830 740 1906 viderent,
756 1832 930 1915 profecto
954 1842 992 1895 et
1015 1853 1094 1895 esse
1117 1831 1209 1894 deos
1232 1839 1269 1894 et
1292 1831 1387 1896 haec

178 1949 215 2006 96
228 1947 336 2007 tanta
351 1958 462 2020 opera
477 1935 631 1998 deorum
649 1956 729 1997 esse
744 1934 1053 1999 arbitrarentur)
1100 1934 1294 1999 XXXVIII.
1325 1936 1386 1998 At-

227 2061 291 2124 que
314 2039 393 2101 haec
416 2035 548 2122 quidem
570 2035 632 2100 ille.
679 2035 748 2099 Nos
763 2043 874 2100 autem
895 2037 1045 2100 tenebras
1067 2035 1246 2121 cogitemus
1268 2043 1387 2112 tantas
1405 2063 1439 2124 15

228 2149 368 2225 quantae
391 2139 555 2224 quondam
578 2139 748 2223 eruptione
772 2138 993 2202 Aetnaeorum
1016 2139 1142 2224 ignium
1165 2137 1322 2202 finitimas
1338 2160 1388 2202 re-

198 2304 205 2317 ,
228 2245 340 2330 giones
349 2243 564 2308 obscuravisse
574 2243 736 2320 dicuntur,
746 2252 785 2307 ut
794 2265 851 2328 per
864 2243 999 2306 biduum
1011 2265 1106 2306 nemo
1116 2242 1282 2306 hominem
1291 2243 1388 2306 homo

20 2382 61 2446 00
80 2358 124 2427 pv
133 2358 147 2424 p
159 2320 207 2414 vd
230 2354 426 2432 Q,
443 2368 517 2409 cum
533 2354 643 2409 autem
659 2346 755 2410 tertio
771 2346 824 2409 die
839 2346 886 2409 sol
904 2345 1071 2419 illuxisset,
1088 2353 1160 2408 tum
1183 2354 1222 2410 ut
1236 2346 1389 2513 revixppse

67 2428 84 2505 b
230 2451 292 2516 sibi
309 2450 503 2514 viderentur.
547 2448 671 2528 Quodsi
690 2451 750 2514 hoc
770 2448 858 2513 idem
879 2472 919 2513 ex
939 2449 1085 2562 aetpppip¹
1098 2448 1242 2558 tepehris
1262 2423 1323 2513 bbh
1376 2444 1389 2499 ἶ

1340 2473 1374 2513 1n

229 2563 328 2640 geret,
357 2562 396 2617 ut
425 2553 532 2617 subito
561 2553 667 2617 lucem
697 2553 923 2638 aspiceremus,
954 2538 1114 2636 q‘haenam
1152 2551 1274 2636 species
1308 2553 1389 2616 caeli
1405 2584 1443 2622 22

233 2659 418 2731 videretur?
462 2655 527 2720 Sed
542 2656 731 2721 assiduitate
747 2656 910 2720 cotidiana
925 2664 959 2720 et
974 2654 1208 2719 consuetudine
1225 2656 1390 2720 oculorum

16 2726 424 2843 otrt‘fllwl'ssssuescunt.
442 2761 544 2824 animi
566 2782 672 2844 neque
694 2761 897 2845 admirantur
918 2783 1025 2846 neque
1050 2760 1224 2844 requirunt
1248 2761 1390 2826 rationes

92 2848 214 2955 gestor,
233 2888 345 2930 earum
370 2887 487 2942 rerum,
511 2886 590 2948 quas
615 2887 741 2950 semper
762 2865 882 2941 vident,
908 2864 1042 2955 porcipite
1068 2864 1162 2948 quasi
1184 2865 1311 2929 novitas
1332 2888 1391 2931 nos

72 2906 91 3025 l
232 2967 336 3052 magis
360 2989 458 3065 quarn
481 2967 672 3052 magnitudo
696 2990 803 3032 rerum
827 2967 944 3031 debeat
968 2968 1009 3031 ad
1036 2966 1250 3051 exquirendas
1280 2990 1391 3032 causas

182 3081 219 3138 97
234 3070 380 3134 excitare.
380 3068 410 3169 s
411 3068 493 3148 Quis
509 3070 596 3133 enirn
612 3070 699 3134 hunc
714 3070 879 3159 hominem
895 3070 1022 3147 dixerit,
1039 3068 1096 3154 qui
1112 3092 1186 3133 cum
1201 3077 1270 3133 tam
1286 3078 1389 3134 certos
1408 3103 1422 3140 2
1428 3098 1443 3159 5

234 3170 313 3235 caeli
328 3179 445 3248 motuS,
461 3179 530 3234 tam
546 3179 632 3235 ratos
648 3181 806 3236 astrorum
827 3171 955 3236 ordines
976 3182 1108 3255 tamque
1123 3171 1209 3235 inter
1228 3193 1261 3234 se
1284 3171 1393 3236 omnia

235 3296 356 3338 conexa
379 3283 412 3338 et
438 3281 516 3358 apta
538 3273 665 3350 viderit,
697 3281 795 3359 neget
824 3274 860 3338 in
885 3274 936 3338 his
966 3275 1068 3338 ullam
1097 3273 1203 3337 inesse
1233 3273 1392 3338 rationem

235 3398 337 3461 eaque
369 3398 443 3439 casu
475 3375 545 3439 fieri
577 3375 673 3453 dicat,
701 3398 785 3462 quae
811 3384 933 3462 quanto
960 3377 1091 3441 consilio
1116 3384 1278 3459 gerantur,
1303 3377 1393 3442 nullo

236 3478 367 3543 consilio
393 3478 520 3562 assequi
549 3482 746 3562 possumus?
782 3480 853 3556 An,
879 3501 953 3543 cum
984 3477 1222 3543 machinatione
1252 3479 1393 3563 quadam

237 3583 359 3647 moveri
384 3583 510 3669 aliquid
533 3583 689 3660 videmus
715 3592 754 3648 ut
780 3584 958 3669 sphaeram,
985 3590 1023 3646 ut
1046 3581 1147 3658 horas,
1171 3591 1210 3645 ut
1233 3582 1297 3646 alia
1322 3605 1393 3668 per·
1407 3612 1447 3668 30

236 3691 349 3767 multa,
365 3713 430 3755 non
444 3691 641 3768 dubitamus,
657 3690 736 3775 quin
753 3689 809 3753 illa
824 3712 920 3773 opera
936 3689 1001 3752 sint
1016 3686 1171 3767 rationis;
1191 3709 1266 3752 cum
1282 3696 1394 3760 autem

237 3793 397 3878 impetum
435 3794 512 3858 caeli
552 3816 626 3857 cum
663 3793 846 3858 admirabili
888 3792 1053 3856 celeritate
1089 3792 1212 3856 moveri
1246 3796 1394 3877 vertique

288 4005 417 4053 Medicus
437 4007 504 4054 extre
523 4009 665 4068 potuissent
687 4012 761 4067 atque
781 4007 884 4055 evadere
907 4004 966 4064 Ed,
985 4007 1084 4054 aedibus
1104 4007 1173 4055 caira
1193 4013 1268 4068 atquc
1291 4007 1394 4056 evadere

240 4084 351 4146 (leaving
363 4087 504 4146 potuissent
521 4087 586 4136 after
602 4088 742 4147 facoltmus)
754 4086 837 4143 Allan,
848 4087 946 4135 seciae
964 4088 1067 4136 evadere
1084 4086 1147 4136 then
1162 4087 1238 4149 (after
1254 4087 1394 4154 incolimus)

226 4173 315 4228 ,atque
333 4167 401 4213 exire
415 4168 555 4228 potuissent
571 4182 626 4218 uss.
728 4168 743 4216 6
760 4183 814 4216 cam
829 4182 912 4228 mapa.
925 4166 1022 4228 ABOV,
1037 4175 1089 4216 tum
1105 4183 1187 4229 mapa.
1200 4169 1222 4216 E
1235 4169 1292 4218 Oxf.
1305 4169 1393 4233 ΗΜ,

241 4264 293 4299 om.
312 4252 359 4299 ΤΟ.
464 4251 479 4300 9
497 4258 548 4299 tum
567 4254 662 4301 caelum
680 4251 812 4310 OEVG÷,
831 4268 885 4301 cum
904 4253 998 4300 caelum
1016 4252 1115 4301 ABUV.
1218 4253 1248 4301 10
1265 4254 1392 4315 luminum,

240 4329 330 4393 placed
347 4330 413 4379 after
429 4333 538 4379 omnium
553 4331 633 4381 below
649 4332 683 4395 by
698 4332 780 4382 Allen
883 4333 913 4380 13
930 4347 995 4395 qaae
1012 4348 1066 4381 cum
1083 4348 1131 4381 uss
1148 4332 1243 4383 Heind.
1260 4334 1335 4383 Allen
1352 4336 1394 4387 Or.
1456 4365 1458 4368 >

242 4412 304 4470 Mu,
316 4427 371 4461 cum
382 4410 478 4472 Madv,
493 4413 579 4475 [qaae]
591 4428 645 4461 cum
656 4414 713 4470 Ba,
726 4429 780 4461 cum
792 4415 852 4462 haec
865 4428 921 4474 erpo
933 4418 958 4471 0,
973 4415 1032 4462 baec
1046 4429 1101 4462 cum
1112 4413 1204 4463 Lamb.
1218 4415 1277 4465 Sch.
