3016 4966
417 366 481 416 nra.
505 367 533 414 11
556 366 628 416 cnr.
651 368 944 419 xxxva-xxxix
968 355 1006 441 ἓξ
1030 359 1187 424 95-100.
1340 363 1381 432 37

224 511 393 589 videamus
425 514 682 579 constantissime
713 517 936 581 conficientem
966 515 1205 585 vicissitudines
1235 523 1382 588 anniver-

225 614 323 677 sarias
338 636 412 678 cum
428 637 554 679 summa
577 617 682 682 salute
706 626 740 682 et
762 620 1002 684 conservatione
1025 643 1132 685 rerum
1154 624 1308 704 omnium,
1323 627 1382 690 du-

224 718 375 797 bitamus,
392 721 470 805 quin
494 743 533 786 ea
556 745 621 785 non
644 723 747 786 solum
768 725 892 788 ratione
908 725 996 802 fiant,
1013 726 1068 789 sed
1091 726 1191 790 etiam
1211 731 1382 794 excellenti

224 822 398 909 divinaque
423 825 569 919 ratione}
584 838 590 849 ”
613 827 704 891 Licet
726 827 814 890 enim
832 828 903 912 jam
926 837 1051 892 remota
1073 829 1254 895 subtilitate
1273 832 1381 916 dispu-
1396 844 1432 902 00

192 926 315 1004 5tandi
340 927 438 991 oculis
461 924 599 1012 quodam
622 929 716 993 modo
740 931 951 1014 contemplari
973 931 1250 1015 pulchritudinem
1273 956 1381 998 rerum

223 1051 343 1106 earum,
359 1052 439 1114 quas
454 1031 564 1095 divina
578 1033 782 1117 providentia
797 1034 934 1097 dicimus
950 1035 1149 1099 constitutae.
1299 1021 1301 1032 ’

289 1133 446 1198 ΧΧΧΙΧ.
490 1134 539 1197 Ac
568 1135 725 1219 principio
745 1144 831 1199 terra
856 1136 1006 1199 universa
1033 1145 1189 1214 cernatur,
1217 1139 1321 1203 locata
1346 1139 1382 1202 in

223 1237 330 1300 media
353 1239 427 1303 sede
454 1240 576 1316 mundi,
602 1240 703 1304 solida
727 1249 761 1304 et
784 1241 915 1326 globosa
938 1250 972 1306 et
995 1242 1139 1327 undique
1162 1244 1233 1328 ipsa
1255 1245 1290 1307 in
1312 1266 1381 1308 sese

222 1343 356 1407 nutibus
372 1345 438 1408 suis
449 1346 647 1429 conglobata,
665 1346 782 1410 vestita
801 1345 942 1422 floribus,
959 1346 1076 1422 herbis,
1092 1348 1268 1424 arboribus,
1282 1349 1381 1433 frugi-

173 1444 291 1521 robus,
307 1469 444 1532 quorum
461 1448 606 1511 omnium
621 1448 818 1512 incredibilis
833 1449 1011 1513 multitudo
1031 1450 1209 1514 insatiabili
1224 1451 1381 1516 varietate
1450 1465 1452 1470 ’

222 1549 441 1634 distinguitur.
485 1550 579 1615 Adde
597 1551 662 1615 huc
681 1552 820 1616 fantium
838 1551 961 1636 gelidas
984 1552 1213 1636 perennitates,
1241 1553 1381 1638 liquores

221 1651 401 1735 perlucidos
421 1653 576 1732 amnium,
593 1653 735 1737 riparum
758 1653 894 1716 vestitus
916 1653 1133 1729 viridissimae,
1156 1654 1381 1738 speluncarum

221 1776 375 1820 concavas
390 1757 629 1842 aatplitudines,
643 1779 792 1820 saxorum
808 1756 1006 1841 asperitates,
1016 1757 1275 1841 impendentium
1290 1779 1381 1821 mon-

220 1857 306 1922 tium
321 1859 509 1923 altitudines
523 1860 823 1944 immensitatesque
835 1882 1021 1943 camporum
1033 1883 1041 1938 ;
1063 1860 1144 1923 adde
1156 1860 1256 1923 etiam
1271 1883 1381 1925 recon-

171 1981 205 2041 15
221 1960 306 2025 ditas
321 1962 392 2025 auri
407 1963 598 2047 argentique
619 1985 718 2026 venas
738 1961 963 2048 infinitamque
984 1963 1051 2026 vim
1070 1963 1245 2027 marmoris
1268 2026 1270 2028 ,
1290 1963 1382 2043 Quae
1396 1971 1432 2028 00

221 2088 296 2130 vero
312 2075 345 2131 et
361 2091 459 2153 quam
479 2069 568 2133 varia
587 2090 706 2154 genera
723 2068 898 2133 bestiarum
917 2068 969 2133 vel
992 2068 1134 2132 cicurum
1156 2069 1207 2133 vel
1229 2069 1383 2133 ferarum!

222 2170 278 2254 qui
298 2172 477 2236 volucrium
498 2173 608 2257 lapsus
626 2181 724 2256 atque
744 2176 870 2235 cantus!
893 2171 949 2256 qui
967 2171 1127 2255 pecudum
1148 2176 1277 2255 pastus!
1299 2194 1382 2255 quae

221 2275 290 2339 vita
312 2276 508 2341 silvestrium
519 2267 534 2341 l'
570 2277 657 2357 Quid
679 2277 749 2362 jam
774 2276 814 2340 de
837 2276 1006 2340 hominum
1026 2297 1143 2360 genere
1167 2276 1295 2339 dicam?
1326 2276 1382 2360 qui

222 2381 315 2464 quasi
330 2383 467 2446 cultores
482 2390 587 2446 terrae
602 2382 771 2446 constituti
786 2405 851 2445 non
872 2382 1048 2465 patiuntur
1059 2404 1131 2446 eam
1152 2404 1211 2445 nec
1233 2382 1383 2445 immani-

169 2507 207 2544 20
221 2489 290 2546 tate
305 2482 475 2555 beluarum
487 2484 610 2547 efferari
622 2506 681 2548 nec
693 2483 841 2567 stirpium
854 2484 1028 2568 asperitate
1039 2483 1167 2558 vastari,
1180 2504 1383 2568 quorumque

222 2590 373 2675 operibus
403 2589 481 2673 agri,
509 2590 633 2653 insulae
664 2585 824 2674 litoraque
854 2589 1014 2652 collucent
1040 2587 1194 2651 distincta
1224 2587 1318 2651 tectis
1349 2595 1383 2651 et

221 2694 366 2758 urbibus.
413 2694 504 2774 Quae
524 2694 561 2771 si,
582 2703 619 2758 ut
640 2694 764 2772 animia,
781 2695 825 2757 sic
844 2694 944 2757 ccuhs
967 2693 1075 2757 videre
1097 2715 1271 2776 possemus,
1287 2715 1382 2757 nemo

223 2807 374 2863 cunctam
394 2799 527 2863 intuens
547 2808 667 2863 terram
687 2799 728 2862 de
749 2799 859 2862 divina
878 2799 1002 2862 ratione
1022 2798 1194 2862 dubitaret.
1239 2798 1286 2862 At
1308 2819 1383 2860 vero
1397 2801 1452 2860 100

222 2910 346 2985 quanta
360 2901 457 2966 maris
472 2910 521 2966 est
536 2902 760 2987 pulchritudo!
783 2923 866 2985 quae
881 2901 1002 2986 species
1018 2901 1159 2964 universi
1174 2905 1179 2965 l
1203 2922 1287 2985 quae
1299 2900 1383 2963 mul·

169 3024 206 3084 25
222 3006 331 3070 titudo
361 3015 395 3070 et
424 3006 562 3070 varietas
591 3006 794 3069 insularum!
833 3026 916 3089 quae
946 3005 1158 3068 amoenitates
1188 3025 1316 3067 orarum
1346 3024 1383 3066 ac

222 3109 377 3175 litorum!
403 3119 483 3195 quot
504 3131 624 3193 genera
646 3131 809 3194 quamque
832 3109 971 3192 disparia
992 3108 1110 3194 partim
1133 3107 1383 3184 submersarum,

222 3215 344 3298 partim
375 3214 576 3278 fluitantium
606 3222 640 3278 et
669 3214 856 3277 innantium
885 3213 1062 3288 beluarum,
1084 3212 1205 3296 partim
1235 3211 1276 3274 ad
1306 3233 1384 3274 saxa

223 3318 344 3382 nativis
365 3319 459 3383 testis
481 3319 740 3383 inhaerentium!
801 3318 914 3403 Ipsum
944 3325 1054 3381 autem
1080 3337 1168 3379 mare
1195 3315 1239 3378 sic
1263 3323 1382 3378 terram

222 3430 380 3505 appetens
402 3421 550 3486 litoribus
576 3422 703 3497 alludit,
728 3432 766 3484 ut
789 3443 856 3484 una
882 3442 922 3483 ex
948 3419 1073 3483 duabus
1097 3417 1222 3480 naturis
1245 3415 1384 3480 conflata

272 3620 286 3667 1
303 3621 431 3669 videamus
440 3634 487 3668 uss
499 3619 637 3681 generally,
646 3621 757 3668 videmus
770 3618 854 3668 Madv.
864 3617 926 3667 with
937 3618 974 3666 EI
986 3618 1014 3666 of
1024 3618 1109 3666 Moser
1118 3617 1161 3666 Or.
1170 3617 1217 3666 Ba.
1230 3631 1272 3666 sce
1281 3616 1380 3666 Gomm.

223 3701 253 3749 13
270 3702 449 3763 amplitudines
472 3699 567 3751 Heind.
592 3700 648 3759 Ba,
672 3703 820 3749 altitudines
846 3714 902 3758 uss,
927 3702 1073 3749 latitudines
1096 3698 1186 3749 Lamb.
1213 3713 1255 3747 see
1278 3699 1377 3750 Oornm.

222 3784 253 3836 17
270 3787 407 3834 volucrium
423 3784 470 3834 BV
482 3787 499 3846 (‘
508 3787 537 3832 ut
553 3783 612 3834 Fin.
632 3799 654 3832 11
671 3784 718 3832 110
735 3782 849 3832 Charisii
865 3782 1018 3831 auctoritate
1035 3779 1168 3830 scribitur’
1182 3779 1247 3846 Mu.)
1264 3781 1321 3839 Ba,
1338 3797 1379 3830 vo-

222 3868 317 3916 lucram
335 3867 423 3929 [AGE]
441 3867 485 3916 Or.
503 3866 563 3916 Sch.
673 3869 704 3914 22
717 3882 842 3929 possemus
859 3867 928 3929 [FN]
953 3865 1010 3915 Oxf.
1028 3870 1086 3923 HM,
1100 3866 1223 3927 possimus
1246 3864 1375 3915 ABOBLO.

221 3949 252 3999 27
269 3964 332 3997 saxa
343 3950 437 3997 adticis
447 3947 535 4011 [OEV]
546 3948 602 3997 Oxi.
612 3953 646 4009 M,
657 3964 721 3996 saca
732 3951 856 3996 sartativis
867 3947 945 3996 AB¹H
956 3946 998 4011 (aa
1009 3945 1133 4008 probably
1144 3945 1246 3993 written
1258 3944 1339 3994 above
1350 3960 1379 3994 as

221 4041 236 4075 a
255 4025 396 4075 correction
413 4027 441 4075 of
456 4026 533 4090 saca),
545 4043 606 4075 suaa
616 4029 742 4075 sanativis
753 4027 787 4074 Bl
800 4026 840 4088 (cf.
853 4026 943 4087 Quint.
955 4041 972 4074 v
989 4027 1028 4074 10.
1041 4028 1072 4074 21
1089 4023 1199 4088 piscium
1216 4039 1310 4085 genera
1327 4025 1378 4072 alia

220 4108 307 4168 planis
318 4107 432 4169 gaudent
444 4107 495 4157 alia
508 4110 626 4171 saxosis),
638 4126 702 4158 suaa
712 4111 835 4158 socraticis
846 4114 872 4158 L.
971 4111 1003 4160 20
1020 4111 1114 4158 alladit
1126 4109 1178 4158 (110
1186 4108 1260 4168 Rege
1268 4109 1378 4155 Moser's

220 4188 243 4235 D
264 4187 316 4236 and
335 4188 357 4235 Ε
378 4188 443 4237 Dav.
461 4188 557 4238 Heind.
576 4191 635 4240 Sch.
656 4191 721 4249 Mu,
742 4192 821 4239 eludit
841 4205 890 4238 uss
909 4191 1047 4252 generally,
1065 4192 1156 4239 alludit
1179 4188 1280 4238 NRed.
1305 4189 1331 4235 M
1351 4187 1379 4234 of

221 4268 315 4331 Moser,
328 4271 416 4319 illudit
429 4269 518 4329 Med.¹‚
531 4273 604 4321 elidit
616 4272 640 4320 U
652 4273 703 4330 Ε1.,
717 4273 793 4320 alluit
805 4271 847 4332 G‘2,
862 4274 943 4320 cludit
959 4277 1000 4322 Ro
1017 4273 1093 4320 Klotz
1108 4271 1182 4319 Allen
1195 4271 1237 4318 Or.
1252 4270 1298 4317 Ba.
1312 4269 1378 4316 alter

221 4348 357 4408 Victorius,
371 4365 413 4399 see
425 4351 524 4400 Comm.
