3016 4966
506 345 569 393 nm.
593 311 1084 414 rronr.'1x-—x1§§23-29.
1164 386 1167 391 .
1333 333 1372 394 11
1439 418 1453 426 s*

216 491 317 557 claret
329 490 501 576 frigoribus
514 512 626 576 neque
643 491 718 556 nive
734 491 920 576 'pruinaque
940 496 1165 567 concresceret,
1182 489 1246 554 nisi
1260 489 1375 555 eadem

216 617 250 660 se
269 595 414 659 admixto
437 595 540 659 calore
561 594 736 680 liquefacta
757 602 791 660 et
812 595 937 679 dilapsa
959 594 1163 659 diffunderet.
1208 595 1326 678 Itaque
1341 600 1375 659 et

216 698 422 783 aquilonibus
454 697 651 783 reliquisque
676 699 849 784 frigoribus
878 696 1014 782 adjectis
1043 697 1185 762 durescit
1213 719 1315 775 umor,
1342 703 1377 761 et

216 801 304 866 idem
331 801 470 866 vicissim
491 802 636 867 mollitur
661 804 844 887 tepefactus
857 790 901 866 set
930 800 1067 866 tabescit
1097 800 1208 866 calore.
1265 801 1377 883 Atque

184 919 200 978 5
217 905 317 971 etiam
332 905 433 970 maria
448 906 571 991 agitata
585 906 692 971 ventis
707 906 755 970 ita
769 912 948 990 tepescunt,
964 912 1002 968 ut
1014 904 1161 990 intellegi
1172 904 1265 968 facile
1276 904 1379 989 possit

216 1011 252 1075 in
272 1010 373 1075 tantis
390 1010 454 1076 illis
472 1011 639 1074 umoribus
659 998 728 1075 esse
751 1009 912 1074 inclusum
934 1010 1081 1073 calorem.
1127 1009 1197 1072 Nec
1216 1007 1304 1073 enim
1321 1008 1377 1072 ille

217 1121 370 1178 externus
386 1121 419 1176 et
433 1111 632 1176 adventicius
647 1100 815 1176 habendus
831 1121 880 1176 est
896 1119 996 1195 tepor,
1013 1110 1068 1175 sed
1084 1132 1125 1174 ex
1139 1109 1264 1174 intimis
1280 1108 1378 1173 maris
1453 1156 1456 1162 -
1489 1120 1491 1122 ’

216 1213 364 1300 partibus
389 1214 566 1298 agitatione
590 1212 757 1291 excitatus,
788 1213 874 1299 quod
898 1213 1016 1283 nostris
1041 1219 1170 1299 quoque
1193 1211 1378 1296 corporibus

218 1314 385 1400 contingit,
399 1322 475 1379 cum
489 1322 581 1379 motu
596 1323 694 1402 atque
714 1314 944 1379 exercitatione
962 1315 1167 1378 recalescunt.
1212 1314 1287 1398 Ipse
1302 1335 1377 1377 vero

168 1452 204 1492 10
217 1427 281 1498 aer,
296 1421 353 1506 qui
367 1429 484 1506 natura
498 1428 547 1484 est
565 1420 706 1483 maxime
728 1418 873 1503 frigidus,
892 1418 1027 1482 minime
1045 1425 1095 1482 est
1113 1439 1226 1502 expers
1246 1417 1379 1496 caloris3

217 1523 273 1588 ille
287 1545 362 1588 vero
378 1531 410 1588 et
425 1522 529 1587 multo
543 1522 675 1606 quidem
690 1521 794 1587 calore
812 1521 976 1586 admixtus
996 1529 1065 1600 est;
1088 1520 1157 1606 ipse
1173 1521 1261 1584 enim
1276 1520 1379 1584 oritur
1392 1531 1430 1589 27

218 1646 259 1689 ex
276 1623 485 1708 respiratione
505 1615 663 1708 aquarum
673 1647 681 1703 ;
703 1632 815 1688 earum
834 1624 922 1688 enim
942 1624 1034 1709 quasi
1052 1646 1152 1709 vapor
1170 1624 1304 1709 quidam
1323 1627 1398 1690 ae'r'
1490 1668 1493 1673 ·

218 1727 386 1792 habendus
412 1737 483 1808 est;
506 1728 534 1792 is
560 1736 671 1792 autem
695 1729 821 1794 exsistit
846 1737 938 1793 motu
964 1730 1035 1815 ejus
1061 1730 1181 1808 caloris,
1206 1731 1264 1815 qui
1286 1730 1379 1815 aquis

219 1818 410 1896 continetur.
456 1831 563 1910 Quam
578 1831 824 1896 similitudinem
835 1854 972 1923 ‘cernere
987 1854 1155 1917 possumus
1170 1833 1205 1897 in
1220 1834 1260 1897 iis
1274 1833 1378 1918 aquis,

168 1952 203 2012 15
219 1956 302 2018 quae
328 1934 540 1998 effervescunt
566 1935 705 2000 subditis
728 1934 867 2020 ignibus
913 1936 992 2001 Jam
1015 1958 1090 2001 vero
1116 1938 1242 2023 reliqua
1264 1947 1380 2024 quarta

218 2060 292 2122 pars
306 2031 429 2115 mundi,
444 2061 484 2102 ea
498 2046 531 2102 et
547 2038 617 2123 ipsa
631 2047 702 2103 tota
716 2048 833 2104 natura
853 2040 977 2104 fervida
995 2049 1044 2105 est
1064 2048 1098 2114 et
1118 2043 1232 2107 ceteris
1253 2042 1379 2108 naturis

219 2143 368 2207 omnibus
391 2143 564 2207 salutarem
586 2143 732 2228 impertit
750 2152 784 2208 et
806 2144 940 2208 vitalem
961 2144 1106 2211 calorem.
1151 2146 1203 2210 Ex
1222 2168 1287 2231 quo
1305 2165 1379 2211 con·
1393 2149 1432 2208 28

219 2243 369 2320 cluditur,
384 2266 458 2307 cum
474 2233 714 2308 ornnesmundi
734 2251 841 2329 partes
859 2246 1080 2310 sustineantur
1095 2247 1205 2323 calore,
1219 2241 1379 2312 mundum
1431 2237 1435 2244 ¹

220 2349 320 2422 etiarn
334 2350 441 2434 ipsum
456 2349 554 2413 simili
569 2350 703 2434 parique
718 2359 837 2417 natura
851 2351 887 2415 in
901 2359 994 2415 tanta
1015 2351 1230 2436 diuturnitate
1251 2337 1388 2431 servari,
1476 2367 1479 2371 ’

168 2474 206 2513 20
219 2478 322 2541 eoque
337 2457 447 2540 magis
463 2446 549 2540 quod
569 2455 716 2540 intellegi
738 2456 835 2521 debet
857 2456 998 2520 calidum
1020 2456 1102 2520 illud
1124 2463 1222 2540 atque
1245 2456 1379 2542 igneum

219 2561 267 2624 ita
284 2561 320 2623 in
346 2560 434 2624 omni
459 2560 567 2624 fusum
592 2583 660 2625 esse
678 2569 805 2648 natura,
825 2561 917 2625 utin
936 2583 973 2625 eo
988 2560 1067 2624 insit
1081 2560 1268 2645 procreandi
1281 2562 1330 2626 vis
1345 2570 1380 2632 et

220 2687 316 2729 causa
329 2664 491 2749 gignendi,
506 2687 526 2727 a
541 2687 603 2750 quo
619 2674 653 2729 et
668 2665 847 2728 animantia
861 2662 970 2730 omnia
990 2672 1023 2729 et
1042 2686 1087 2742 ea,
1097 2667 1243 2751 'quorum
1263 2665 1379 2751 stirpes

185 2790 188 2796 ·
219 2773 307 2830 terra
321 2766 536 2844 continentur,
551 2773 585 2832 et
600 2767 688 2830 nasci
703 2767 746 2832 sit
759 2769 889 2832 necesse
905 2776 939 2832 et
953 2790 1131 2853 augescere.
1183 2769 1243 2834 XI.
1280 2769 1379 2853 †Na·
1392 2777 1429 2836 29

220 2877 294 2932 tura
326 2876 377 2933 est
410 2868 547 2954 igitur,†
577 2892 659 2954 quae
691 2871 856 2935 contineat
888 2859 1049 2935 mundum
1078 2894 1207 2937 omnem
1239 2889 1379 2956 eumque

171 2978 206 3047 ²5
220 2980 362 3049 tueatur,
386 2980 420 3036 et
442 2993 481 3036 ea
502 2971 634 3056 quidem
657 2995 723 3036 non
742 2973 815 3044 sine
837 2996 933 3038 sensu
955 2982 1054 3060 atque
1076 2976 1220 3056 ratione;
1249 2997 1379 3040 omnem

221 3074 308 3138 enim
333 3084 485 3139 naturam
510 3097 639 3140 necesse
666 3085 723 3153 est,
748 3099 831 3159 quae
853 3099 919 3140 non
940 3077 1085 3142 solitaria
1106 3073 1277 3164 sitneque
1302 3079 1379 3143 sim·

194 3176 197 3182 ’
221 3177 306 3262 plex‚
322 3177 378 3241 sed
393 3199 469 3240 cum
487 3178 551 3241 alio
570 3178 687 3267 juncta
705 3185 804 3264 atque
825 3202 955 3260 conexa,
980 3181 1100 3246 habere
1122 3183 1264 3266 aliquem
1286 3183 1321 3246 in
1345 3205 1379 3248 se

220 3280 448 3365 principatum,
465 3288 504 3345 ut
527 3281 565 3372 in·
583 3280 712 3346 homine
738 3292 892 3361 mentem,
918 3284 953 3348 in
976 3285 1074 3349 belua
1096 3286 1252 3370 quiddam
1274 3286 1379 3356 simile

221 3385 349 3460 mentis
367 3384 454 3448 unde
475 3383 621 3448 oriantur
638 3407 747 3449 rerum
767 3380 939 3470 appetitus.
984 3382 1027 3451 In
1045 3389 1196 3453 arborum
1214 3397 1324 3468 autem
1345 3397 1379 3454 et

170 3512 208 3568 30
219 3495 331 3570 earum
355 3508 472 3563 rerum,
495 3508 578 3571 quae
601 3488 780 3572 gignuntur
800 3511 817 3552 e
842 3496 950 3567 terra,
964 3486 1126 3554 radicibus
1154 3490 1260 3568 inesse
1290 3490 1378 3575 prin-

133 3667 137 3673 '
222 3663 254 3711 30
271 3663 382 3711 declarat
393 3665 480 3725 effusio
491 3663 559 3712 APV
570 3664 647 3723 Mus,
657 3666 770 3714 dectorat
781 3667 873 3728 effusae
884 3665 915 3723 B,
925 3667 1037 3715 declarat
1049 3668 1184 3728 efferatoque
1195 3665 1250 3726 ΕΗ,
1266 3666 1379 3715 declarat

204 3769 206 3773 ·
222 3743 346 3806 et'effusto
362 3743 394 3803 G,
410 3745 512 3793 dederat
529 3746 616 3807 effusio
629 3745 667 3806 01,
682 3747 794 3795 declarat
806 3745 837 3794 0²
848 3746 891 3795 Or.
902 3747 958 3808 Ba,
972 3748 1084 3796 declarat
1099 3754 1123 3796 et
1135 3749 1206 3810 finio
1223 3747 1299 3796 Allen
1317 3745 1376 3798 Sch.

222 3825 276 3873 Mu.
288 3824 375 3876 Madv.
389 3827 455 3874 Ado.
468 3840 489 3873 11
502 3827 556 3875 242.
1086 3850 1087 3853 ¹

271 3907 409 3968 tudjectr's
432 3919 480 3954 uss
499 3893 637 3970 generally,
659 3909 766 3957 adlectio
789 3906 818 3966 G,
841 3898 892 3958 om.
916 3914 942 3966 0,
963 3910 1093 3958 adstrictis
1115 3908 1170 3958 Mu.
1193 3909 1260 3959 after
1280 3908 1380 3979 Heind.
1449 3913 1452 3917 '

223 3988 254 4036 14
270 3990 304 4037 tis
320 3986 386 4049 edd,
407 3990 446 4037 hta
463 4001 521 4037 uss.
621 3984 970 4052 remes-vescant'ssovnu
985 3990 1111 4052 Asc.‚.eir
1129 3994 1273 4054 fervescunt
1290 3990 1377 4050 AEW,

217 4071 363 4131 fervescunt
379 4070 478 4130 Proe,
492 4072 528 4119 eis
545 4072 705 4132 effervescunt
720 4071 788 4129 oxf,
800 4073 888 4121 aunis
900 4073 1044 4134 fervescunt
1060 4077 1090 4133 Η,
1104 4074 1188 4121 aeneis
1200 4074 1267 4135 serv.
1280 4070 1378 4130 ouer.

203 4196 206 4200 .
222 4153 251 4209 11,
265 4151 350 4198 aeneis
367 4152 529 4212 effervescunt
545 4151 654 4200 Med-of
667 4152 776 4211 Dav.÷,
788 4158 829 4202 see
841 4152 943 4201 Oomm.
1044 4155 1152 4202 subditis
1169 4151 1222 4215 [Ῠῖ]
1239 4153 1298 4202 Oxf.
1317 4153 1377 4201 Asc.

222 4235 289 4289 ¹1³0
299 4231 391 4279 subitis
403 4229 487 4291 XM,
499 4233 616 4293 subactis
627 4236 700 4283 11110.
807 4233 838 4281 18
861 4235 941 4283 colore
953 4234 1148 4297 [OEP]A²V²÷,
1162 4235 1269 4282 colorem
1279 4231 1375 4282 24¹th

223 4314 254 4360 23
270 4318 365 4361 notura
376 4318 413 4360 est
424 4313 512 4373 igitur,
525 4327 569 4362 see
580 4313 678 4362 Oomm.
942 4328 945 4336 ·
1103 4341 1105 4344 <
1454 4316 1457 4322 ·
