3016 4966
194 452 235 512 58
578 465 625 514 nn
648 465 789 514 urruns
811 465 965 514 nnouuu.

193 609 286 687 deris,
300 619 424 696 quanta
439 632 536 695 opera
550 610 736 676 machinata
750 618 867 676 natura
886 611 936 676 sit.
981 611 1127 675 Primum
1142 611 1231 675 enim
1246 632 1265 674 a
1280 609 1351 696 pul-

192 713 342 778 monibus
360 714 478 778 arteria
496 735 599 799 usque
618 714 659 778 ad
682 737 716 779 os
738 714 892 778 intimum
914 714 1065 799 pertinet,
1078 736 1146 799 per
1168 736 1266 800 quam
1288 737 1351 779 vox

191 817 386 902 principium
413 841 433 882 a
460 826 568 883 mente
592 819 713 884 ducens
737 819 914 906 percipitur
937 826 972 883 et
997 818 1162 896 funditur;
1185 817 1302 882 deinde
1317 817 1351 881 in

193 942 246 985 ore
268 921 332 984 sita
353 920 465 1005 lingua
487 930 537 986 est
559 921 653 986 finita
675 921 848 1002 dentibus;
872 944 911 986 ea
930 943 1041 986 vocem
1056 921 1267 986 immoderate
1280 944 1352 1007 pro-

192 1025 297 1087 fusam
312 1024 408 1109 fingit
423 1033 457 1089 et
471 1025 634 1102 terminat,
650 1033 748 1111 atque
767 1046 861 1090 sonos
880 1026 967 1090 vocis
987 1025 1154 1090 distinctos
1175 1033 1209 1090 et
1228 1047 1353 1109 pressos
1386 1043 1402 1105 5

193 1126 299 1203 efficit,
315 1149 388 1190 cum
404 1135 438 1190 et
459 1127 500 1191 ad
518 1127 632 1192 dentes
652 1135 685 1192 et
708 1128 749 1192 ad
772 1127 851 1192 elias
870 1136 978 1214 partes
1000 1127 1094 1213 pellit
1116 1127 1186 1192 oris
1235 1127 1352 1213 Itaque

83 1226 168 1357 Q?
192 1229 308 1315 plectri
323 1229 461 1294 similem
477 1229 623 1314 linguam
638 1230 740 1294 nostri
755 1230 860 1294 solent
878 1230 991 1307 dicere,
1013 1230 1203 1295 chordarum
1228 1229 1351 1306 dentes,

193 1355 286 1397 nares
302 1332 449 1398 cornibus
464 1333 512 1411 iis,
529 1333 586 1418 qui
601 1333 643 1398 ad
658 1355 771 1398 nervos
785 1342 936 1399 resonant
951 1333 986 1397 in
1001 1333 1157 1399 cantibus.

125 1446 180 1505 150
259 1435 327 1500 LX
373 1436 479 1516 Quam
495 1458 569 1501 vero
584 1446 677 1522 aptas
692 1459 855 1523 quamque
869 1437 1048 1501 multarum
1059 1437 1179 1501 artium
1192 1436 1353 1502 ministras

87 1600 92 1611 .
186 1565 309 1627 ‘manus
323 1552 440 1608 natura
454 1543 578 1607 homini
593 1543 702 1608 dedit!
748 1543 861 1628 Digito
900 1565 934 1606 m
952 1543 1040 1606 enim
1058 1541 1233 1607 contractio
1251 1541 1352 1606 facilis
1369 1562 1405 1601 10

20 1662 74 1743 ,cp
88 1619 358 1730 ,srst'facilisque
380 1647 552 1740 qutio
562 1655 692 1731 propter
714 1646 828 1710 molles
848 1565 936 1746 gd
921 1628 1073 1737 missuras
1095 1653 1129 1709 et
1151 1653 1241 1710 artus
1263 1646 1352 1710 nullo

193 1749 229 1813 in
254 1757 346 1813 motu
371 1750 503 1814 laborat.
548 1749 666 1832 Itaque
689 1748 731 1813 ad
754 1748 965 1834 pingendum,
987 1748 1187 1834 fingendum,
1209 1750 1352 1835 scalpen-

193 1851 281 1929 dum,
296 1849 338 1914 ad
353 1873 523 1915 nervorum
544 1851 716 1915 eliciendos
736 1874 838 1931 sonos,
854 1852 894 1916 ad
910 1852 1065 1917 tibiarum
1081 1862 1159 1938 apta
1173 1875 1289 1917 manus
1304 1861 1352 1918 est

124 2001 127 2006 -
193 1956 377 2022 admotione
392 1955 576 2040 digitorum.
620 1955 732 2040 Atque
746 1955 826 2020 haec
842 1957 1085 2036 oblectationis;
1110 1955 1166 2021 illa
1180 1956 1352 2021 necessita-

193 2061 244 2137 tis,
260 2059 367 2124 cultus
387 2059 458 2123 dieo
481 2081 630 2143 agrorum
653 2058 951 2144 exstructionesque
974 2067 1141 2138 tectorum,
1162 2066 1353 2144 tegumenta
1370 2080 1404 2139 15

194 2188 370 2252 corporum,
385 2165 437 2229 vel
456 2172 549 2229 texta
562 2165 615 2228 vel
630 2172 711 2243 suta,
730 2185 924 2248 omnemque
942 2164 1097 2228 fabricam
1112 2163 1195 2228 aeris
1210 2172 1243 2228 et
1258 2163 1354 2243 ferri;

140 2297 145 2306 ·
195 2291 234 2334 ex
250 2292 314 2356 quo
325 2269 534 2355 intellegitur,
544 2269 585 2334 ad
599 2269 732 2334 inventa
746 2269 862 2347 animo,
874 2278 1026 2354 percepta
1040 2268 1185 2334 sensibus
1200 2267 1355 2332 adhibitis

195 2372 347 2457 opificum
365 2373 524 2450 manibus,
541 2372 650 2437 omnia
667 2394 726 2438 nos
748 2381 941 2448 consecutos,
957 2381 996 2437 ut
1016 2373 1104 2450 tecti,
1121 2381 1159 2437 ut
1181 2373 1301 2451 vestiti,
1316 2381 1354 2436 ut

195 2476 275 2541 salvi
291 2498 359 2541 esse
374 2498 548 2561 possemus,
561 2465 670 2554 urbes,
685 2499 802 2556 muros,
818 2476 988 2555 domicilia,
1004 2477 1137 2541 delubra
1151 2476 1352 2541 haberemus.

127 2585 181 2644 151
195 2577 218 2641 J
218 2600 271 2641 am
286 2598 361 2641 vero
377 2576 526 2661 operibus
540 2576 717 2648 hominum,
734 2577 768 2641 id
783 2585 832 2642 est
847 2577 1005 2655 manibus,
1022 2576 1087 2641 cibi
1101 2577 1200 2641 etiam
1216 2576 1355 2641 varietas
1369 2606 1407 2644 20

195 2679 360 2743 invenitur
375 2687 408 2742 et
424 2678 523 2763 copia.
569 2679 657 2743 Nam
673 2688 707 2744 et
721 2679 791 2764 agri
805 2678 910 2743 multa
930 2679 1069 2743 efferunt
1084 2701 1183 2743 manu
1199 2679 1353 2764 quaesita,

195 2804 278 2867 quae
298 2783 350 2847 rel
367 2782 479 2846 statim
497 2791 727 2848 consumantur
748 2784 801 2848 vel
823 2783 1018 2848 mandentur
1040 2784 1169 2849 condita
1190 2782 1355 2860 vetustati,

196 2893 230 2949 et
244 2894 411 2970 praeterea
425 2886 584 2950 vescimur
598 2887 710 2952 bestiis
733 2896 767 2952 et
786 2887 921 2952 terrenis
936 2895 969 2952 et
985 2887 1181 2973 aquatilibus
1197 2897 1232 2952 et
1245 2887 1354 2951 volan-

197 2989 284 3053 tibus
303 2988 423 3073 partim
442 2989 605 3073 capiendo,
626 2991 745 3075 partim
764 2991 886 3056 alendo.
932 2992 1099 3057 Efficimus
1114 2992 1214 3056 etiam
1228 2992 1354 3056 domitu

197 3103 305 3159 nostro
320 3095 557 3180 quadripedum
573 3097 743 3176 vectiones,
760 3120 898 3183 quorum
918 3098 1065 3162 celeritas
1085 3106 1184 3183 atque
1199 3099 1247 3162 vis
1261 3097 1354 3162 nobis
1370 3123 1406 3182 ²5

197 3197 275 3282 ipsis
300 3197 394 3261 affert
417 3197 483 3261 vim
504 3206 537 3262 et
558 3198 765 3266 celeritatem.
810 3201 880 3264 Nos
903 3222 1000 3265 onera
1022 3201 1216 3286 quibusdam
1235 3200 1354 3278 bestiis,

197 3324 255 3366 nos
279 3301 361 3388 juga
390 3302 596 3387 imponimus,
622 3326 680 3369 nos
706 3289 953 3390 elepliantorum
977 3306 1171 3371 acutissimis
1200 3305 1355 3383 sensibus,

247 3547 262 3594 3
275 3548 418 3610 percipitur
429 3561 485 3608 uss,
495 3549 634 3610 projicitur
643 3548 717 3607 Dav,
729 3550 852 3611 recipitur
863 3562 892 3598 or
903 3549 1028 3610 excipitur
1039 3547 1143 3609 Heind.,
1154 3549 1283 3610 percietur
1295 3546 1354 3598 Scir.

198 3628 214 3675 4
224 3630 306 3692 Jirritu
317 3643 366 3678 uss
377 3628 478 3679 Nonius
489 3645 515 3692 p.
527 3631 584 3689 309,
596 3632 695 3680 murita
707 3629 766 3681 Sch.
780 3645 821 3680 sse
833 3631 933 3682 Oomm.
1034 3631 1049 3680 5
1066 3631 1185 3679 terruiuct
1202 3637 1278 3693 atque
1296 3629 1352 3680 edd.

198 3712 264 3762 after
281 3712 355 3771 Dav,
376 3715 494 3762 terminat
513 3728 576 3776 ureae
594 3712 831 3768 ABOPV÷Heind
851 3713 936 3775 Allen,
956 3714 1121 3775 terminatque
1137 3712 1188 3763 Eo.
1289 3714 1304 3760 8
1322 3713 1355 3760 iis

198 3794 243 3854 qui
254 3791 321 3854 edd,
336 3794 374 3842 itis
386 3796 431 3856 qui
443 3807 490 3843 uss
501 3794 641 3856 generally,
653 3797 687 3844 iis
700 3810 763 3858 quoe
776 3793 910 3854 GHeind.,
919 3796 958 3844 itis
970 3809 1033 3857 quae
1045 3795 1165 3854 Hervag,
1174 3795 1212 3842 itis
1223 3795 1285 3856 quia
1296 3793 1355 3843 Oxi.

199 3874 231 3922 10
242 3876 334 3936 facilis
349 3875 458 3940 [ABPV]
472 3876 531 3926 Oxi.
544 3877 574 3936 0,
587 3892 636 3928 om
653 3877 780 3932 OEBH÷.
880 3879 912 3926 12
922 3877 1069 3940 stupendum
1084 3867 1199 3925 ABcvu'
1215 3876 1282 3925 Mus.
1295 3875 1352 3926 Oxi.

199 3952 244 4002 Ut*
260 3953 363 4011 Heind.,
381 3956 416 4003 ad
426 3957 606 4019 stupendumP
621 3957 687 4017 edd,
700 3972 752 4006 om.
765 3958 796 4006 Ε.
894 3957 1055 4019 scalpendum
1072 3961 1111 4006 cu
1128 3956 1232 4014 Heind.,
1243 3959 1354 4020 sculpere

199 4037 257 4085 dum
269 4035 303 4095 G,
316 4039 350 4085 cd
367 4040 444 4099 accip
457 4052 506 4087 uss
522 4038 653 4101 generally
671 4037 727 4089 edd.
829 4039 859 4087 13
877 4040 911 4086 cd
930 4038 1051 4086 tibiarum
1067 4037 1306 4096 recumules,
1325 4054 1355 4087 oc

199 4118 320 4166 tibiarum
330 4116 384 4165 PV²
396 4117 455 4167 0xf.
467 4124 512 4168 mo
523 4118 580 4168 edd.
679 4120 710 4168 14
726 4120 865 4168 aduwticue
876 4117 985 4167 B2cPV²
996 4117 1063 4179 Oxf,
1078 4119 1112 4166 ad
1123 4121 1254 4169 uwtr'orreru
1265 4119 1353 4179 AEVl,

199 4200 368 4248 admonitione
379 4198 442 4249 ΒΨ.
544 4201 575 4249 18
592 4203 730 4264 opificibus,
744 4203 859 4265 opificum
869 4199 974 4249 Wulker
990 4198 1083 4249 Heind.
1187 4202 1217 4251 19
1231 4217 1355 4264 poscemus

200 4279 264 4330 OGB
285 4278 342 4329 edd.
363 4279 430 4328 aiter
446 4279 549 4339 Lamb,
568 4284 691 4344 poscimus
708 4282 832 4331 1213an
853 4281 910 4331 uxr.
932 4280 1074 4339 U÷Allen‚
1093 4298 1222 4344 masurius
1241 4282 1273 4330 Al
1291 4281 1353 4330 Red.

199 4364 232 4412 20
248 4362 361 4424 operibus
373 4374 421 4409 uss
434 4361 477 4424 (by
488 4376 552 4411 corr.
565 4362 596 4412 ir.
608 4365 695 4425 opitru
711 4364 752 4430 B),
764 4366 846 4428 operis
860 4364 951 4414 Lsmb.
963 4364 1011 4414 Ba.
1025 4379 1066 4414 see
1077 4365 1177 4415 Oomm.
1266 4367 1298 4414 23
1314 4381 1355 4414 uc·

201 4447 311 4495 luctibus
323 4443 499 4507 [ABGPvuu
513 4447 787 4500 volatilibusE÷Scb
953 4463 956 4466 ’
