3016 4966
584 432 631 479 DE
654 431 795 478 NATURA
818 430 973 478 DEORUM.

303 603 318 637 e
336 582 554 650 trucibusque
573 580 680 634 oculis
698 578 760 633 duo
778 578 908 633 fervida
925 576 1052 631 lumina
1069 575 1226 646 flagrant,

304 674 405 740 atque
424 687 488 723 uno
506 671 652 722 mentum
672 665 821 720 radianti
839 665 947 718 sidere
966 664 1076 730 lucet;

305 757 475 826 obstipum
494 757 594 824 caput
612 771 629 807 a
646 752 748 806 tereti
767 752 896 805 cervice
914 750 1091 816 reflexum3

306 843 460 897 obtutum
479 840 513 894 in
532 839 636 895 cauda
655 839 793 910 Majoris
811 838 915 907 figere
931 837 1030 891 dicas.

134 965 189 1023 108
203 963 246 1026 Et
260 961 422 1046 reliquum
438 960 571 1046 quidem
586 981 700 1043 corpus
715 958 872 1022 Draconis
887 957 964 1022 totis
979 957 1129 1021 noctibus
1144 956 1325 1022 cemimus:
1401 977 1416 1036 5

144 2049 198 2108 109

309 1078 369 1131 hoc
390 1081 489 1148 caput
508 1077 561 1130 hic
580 1075 716 1146 paulum
734 1093 806 1129 sese
825 1074 939 1129 subito
960 1092 1096 1146 aequore
1117 1075 1239 1143 condit,

310 1171 404 1221 ortus
425 1166 481 1219 ubi
500 1169 600 1235 atque
620 1163 733 1218 obitus
752 1165 876 1235 partim
897 1163 1126 1218 admiscentur
1147 1164 1180 1217 in
1201 1179 1305 1216 unam.

207 1282 246 1346 Id
262 1290 372 1347 autem
388 1289 486 1366 caput

312 1393 483 1462 attingens
505 1391 634 1446 defessa
652 1393 745 1446 velut
764 1391 945 1445 maerentis
966 1391 1072 1459 imago

312 1481 466 1548 vertitur,

208 1618 306 1680 quam
322 1595 455 1681 quidem
472 1594 586 1658 Graeci

315 1721 506 1790 Engonasin
527 1721 688 1786 vocitant,
709 1720 848 1789 genibus
867 1720 945 1789 quia
963 1720 1040 1773 nixa
1058 1719 1193 1773 feratur.

317 1805 380 1859 Hic
400 1805 460 1859 illa
479 1805 600 1858 eximio
621 1805 732 1875 posita
753 1808 804 1859 est
824 1805 954 1875 fulgore
975 1804 1109 1859 Corona.

211 1931 322 2013 Atque
337 1929 416 2000 haec
432 1927 565 2013 quidem
580 1951 600 1992 a
615 1936 713 2012 tergo,
729 1936 859 2012 propter
874 1936 972 2013 caput
987 1936 1099 1992 autem
1113 1926 1348 2012 Anguitenens

319 2072 415 2124 quem
432 2054 520 2108 claro
539 2053 718 2125 perhibent
739 2053 948 2125 Ophiuchum
970 2054 1095 2109 lamine
1115 2054 1215 2108 Graii.
1392 2066 1428 2127 15

320 2145 383 2197 Hic
404 2162 521 2214 pressu
542 2144 670 2216 duplici
689 2145 874 2216 palmarum
892 2144 1045 2198 continet
1064 2144 1220 2213 Anguem,
1402 2140 1405 2143 ’

322 2234 423 2300 atque
445 2231 517 2302 ejus
536 2231 608 2302 ipsc
629 2236 740 2286 manet
761 2232 924 2301 religatus
944 2249 1080 2302 corpore
1100 2233 1208 2296 tort0;

321 2335 460 2387 namque
480 2319 586 2373 virum
607 2318 750 2373 medium
771 2336 907 2389 serpens
926 2316 988 2371 sub
1006 2320 1142 2388 pectora
1161 2317 1273 2386 cingit.

324 2405 388 2459 Ille
407 2409 519 2460 tamen
538 2407 652 2461 nitens
671 2408 819 2477 graviter
840 2405 985 2475 vestigia
1005 2404 1100 2475 ponit

324 2498 425 2564 atque
447 2496 560 2549 oculos
582 2499 679 2566 urget
698 2496 839 2567 pedibus
858 2497 1040 2565 pectusque
1062 2493 1175 2563 Nepai.

204 2576 464 2695 ¹Septentriones
479 2618 590 2674 autem
606 2610 753 2695 sequitur

327 2725 564 2796 Arctophylax,
587 2726 685 2795 vulgo
706 2726 762 2794 qui
784 2725 909 2779 dicitur
930 2744 1001 2780 esse
1021 2726 1148 2794 Bootae,

330 2812 417 2882 quod
439 2814 535 2880 quasi
557 2813 689 2871 temoni.
702 2812 896 2881 adjunctam
915 2831 991 2883 prae
1011 2832 1044 2867 se
1066 2813 1178 2883 quatit
1197 2813 1342 2866 Arctum.

153 2934 207 2992 110
221 2925 309 2988 Huic
324 2925 420 2988 Booti

564 3045 681 3100 subter
700 3046 896 3116 praecordia
916 3046 984 3101 fixa
1002 3047 1137 3102 videtur

332 3131 435 3184 stella
454 3132 580 3185 micans
600 3132 712 3201 radiis,
733 3133 898 3187 Arcturus
919 3135 1049 3188 nomine
1069 3134 1164 3200 claro,

276 3349 291 3394 3
308 3363 326 3396 a
338 3349 411 3396 tereti
424 3361 473 3396 uss
484 3347 622 3410 generally,
637 3363 649 3397 e
668 3350 739 3398 tereti
756 3354 785 3410 R,
800 3351 872 3398 tereti
883 3349 940 3400 Aac.
954 3349 996 3398 El.
1009 3349 1023 3396 1
1035 3348 1088 3398 and
1100 3349 1114 3395 2
1127 3347 1242 3409 (reading
1252 3349 1386 3409 obstipam·

228 3446 277 3493 que
288 3429 377 3489 above)
395 3429 459 3479 Dav.
479 3426 584 3489 Heind,
604 3436 632 3477 at
650 3431 722 3478 tereti
738 3429 822 3481 Madv.
842 3430 885 3479 Or.
902 3431 948 3480 Ba.
969 3430 1033 3488 Mu,
1052 3445 1081 3479 ac
1099 3431 1173 3479 tereti
1190 3427 1249 3480 Sch.
1262 3427 1348 3490 Klotz,
1362 3436 1388 3478 et

230 3513 303 3560 tereti
314 3508 405 3559 Lamb.
417 3508 500 3557 Allan.
600 3510 615 3559 6
633 3512 684 3568 hoc,
697 3513 763 3573 qarod
774 3511 842 3573 Hyg.
852 3511 881 3559 P.
890 3511 920 3561 A.
933 3525 959 3560 1v
970 3513 994 3559 3.
1093 3513 1175 3559 subito
1186 3525 1291 3572 aequore
1302 3510 1389 3559 condit

229 3594 272 3643 Or.
284 3594 332 3642 Ba.
345 3593 398 3641 Mu.
411 3592 478 3641 after
492 3591 606 3654 Grotius,
620 3596 750 3657 subitoque
761 3597 872 3644 recondit
888 3608 935 3642 nes
950 3593 1081 3656 generally
1094 3592 1163 3649 seh..
1174 3608 1266 3641 summo
1281 3606 1388 3653 aequore

229 3675 314 3724 condit
326 3674 390 3722 Dav.
402 3673 470 3736 conj.
570 3677 584 3725 7
598 3676 756 3736 partim—ia
772 3690 848 3724 auom
860 3675 945 3737 Klotz,
955 3677 1113 3737 partim-iu
1122 3690 1175 3723 aaa
1186 3688 1234 3723 uss
1250 3674 1388 3737 generally,
1400 3692 1407 3697 ¹*

225 3754 386 3813 partem—ia
397 3766 472 3800 auam
483 3750 540 3801 edd.
552 3751 618 3801 after
628 3753 731 3814 Lamb,
741 3757 879 3816 parte-iu
890 3770 942 3803 aaa
953 3755 1020 3817 Hyg.
1034 3760 1055 3804 N
1066 3753 1161 3804 Heind.
1174 3755 1255 3804 Allen.
1344 3755 1389 3802 ad·

229 3835 363 3882 miscentur
384 3833 471 3896 [Am
490 3833 567 3895 Hyg.,
588 3836 739 3884 admiscetur
757 3835 849 3885 BOEV
869 3836 927 3886 Oxf.
949 3836 1103 3890 UBHJsMu.
1205 3837 1235 3884 12
1253 3836 1391 3896 aagendam

228 3914 295 3972 edd,
313 3918 474 3976 copertorium
491 3929 539 3964 iuss
555 3917 693 3978 generally.
795 3919 825 3966 15
844 3920 937 3967 lumine
953 3917 1014 3978 Ed,
1028 3921 1125 3967 uomina
1143 3931 1192 3966 iuss
1209 3916 1262 3966 and
1278 3915 1334 3965 edd.
1349 3929 1391 3965 see

231 3995 331 4044 comm.
414 3997 446 4046 17
463 4002 539 4057 atque
551 3998 603 4058 ejas
615 4011 663 4045 nse
674 3998 812 4060 generally,
825 4001 877 4061 ejas
889 4006 913 4048 et
924 3999 959 4061 by
969 4014 1033 4048 corr.
1045 4001 1075 4048 in
1085 4000 1129 4047 ΒΤ
1139 3999 1223 4048 Aflen.
1306 4000 1337 4047 23
1355 4005 1390 4047 te·

230 4075 297 4122 moui
309 4072 393 4122 Madv.
407 4074 460 4123 and
471 4074 536 4133 edd,
550 4083 642 4125 terune
654 4092 710 4126 uss.
810 4079 842 4126 24
859 4079 926 4128 alter
936 4081 1039 4128 Arctum
1053 4080 1139 4129 follow
1152 4079 1181 4128 in
1194 4082 1262 4128 most
1276 4093 1324 4128 uss
1338 4079 1392 4128 and

232 4155 289 4205 edd.
312 4158 371 4205 dein
393 4173 458 4219 qaue
480 4167 625 4221 aequantur,
645 4160 730 4209 which
747 4161 760 4209 Ι
780 4160 846 4210 have
863 4161 952 4223 placed
971 4161 1051 4210 below
1068 4163 1134 4211 alter
1153 4164 1238 4224 Virgo,
1255 4160 1318 4212 Red.
1338 4161 1393 4211 and

232 4240 341 4288 Moser's
359 4240 380 4288 0
396 4239 463 4289 have
480 4243 585 4304 denique
602 4247 724 4306 sequitur,
744 4244 810 4293 from
827 4243 912 4293 which
928 4243 1024 4293 Heind.
1042 4248 1097 4306 geta
1114 4246 1174 4293 daia
1190 4259 1253 4307 qaae
1270 4245 1392 4306 aequiter.

234 4323 293 4369 lruic
309 4320 415 4381 Heind,
437 4325 494 4372 huic
512 4326 576 4372 euim
593 4339 642 4373 uss
659 4325 790 4387 generally
808 4324 875 4382 edd,
894 4327 952 4375 huie
970 4328 1059 4375 elerum
1075 4326 1117 4375 El.
1135 4325 1202 4374 Med.
1219 4325 1277 4374 Asc.
1295 4328 1390 4385 mv,

236 4404 293 4451 huic
304 4409 387 4449 uellem
398 4403 472 4460 Dav.‚
486 4412 509 4452 et
522 4407 579 4454 huic
590 4405 653 4455 Red.
