3016 4966
208 416 251 480 16
594 426 640 475 ou
662 424 804 474 222222
826 424 979 475 osonum

206 575 286 640 dant
297 574 347 652 iis,
360 595 443 660 quae
458 572 627 650 sustinent,
641 581 674 637 et
689 594 708 637 2
724 580 808 636 terra
823 593 937 636 sucum
948 569 1093 650 trahunt,
1107 593 1171 657 quo
1179 570 1309 635 alantur
1318 593 1366 649 ea,

205 701 289 764 quac
318 678 479 742 radicibus
509 676 723 752 continentur,
754 675 1021 759 obducunturque
1050 674 1132 738 libro
1162 683 1220 738 aut
1249 676 1365 740 cortice

206 781 321 858 trunci,
348 803 412 865 quo
438 780 504 844 sint
527 801 547 843 a
572 779 742 864 frigoribus
762 787 796 842 et
822 776 979 841 caloribus
1004 777 1147 842 tutiores.
1191 777 1270 842 Jam
1289 799 1365 842 vero

205 884 289 947 vites
304 883 349 946 sic
364 882 526 946 claviculis
541 881 745 957 adminicula,
760 889 927 966 tamquam
945 879 1103 957 manibus,
1118 880 1367 965 apprehendunt

206 997 304 1073 atque
327 988 375 1051 ita
396 1010 430 1051 se
453 987 590 1071 erigunt,
611 995 651 1050 ut
672 987 863 1052 animantes,
908 986 995 1066 Quin
1015 985 1115 1050 etiam
1134 984 1323 1064 acaulibus,
1338 986 1366 1049 si
1403 1011 1420 1071 5

206 1099 337 1177 propter
351 1091 412 1155 sati
429 1090 502 1167 sint,
518 1100 555 1153 ut
569 1113 589 1154 a
603 1090 763 1175 pestiferis
782 1097 815 1154 et
835 1089 1026 1154 nocentibus
1047 1089 1193 1174 refugere
1214 1089 1368 1156 dicuntur

139 1205 193 1262 121
207 1216 267 1258 nec
292 1216 346 1258 eos
373 1193 439 1257 ulla
465 1216 505 1257 ex
529 1201 621 1278 parte
648 1194 841 1278 contingere.
887 1193 1117 1257 Animantium
1143 1216 1218 1258 vero
1244 1204 1368 1278 quanta

206 1297 345 1362 varietas
360 1305 418 1374 est,
435 1304 558 1382 quanta
575 1295 616 1359 ad
637 1319 708 1360 cam
728 1319 796 1360 rem
814 1296 872 1373 vis,
891 1305 931 1361 ut
950 1297 985 1360 in
1006 1319 1063 1361 suo
1084 1319 1232 1383 quaeque
1250 1320 1367 1385 genere

206 1404 408 1487 permaneat!
437 1399 584 1479 Quarum
599 1399 682 1464 aliae
697 1398 790 1462 coriis
805 1406 910 1463 tectae
926 1407 1010 1476 sunt,
1022 1399 1104 1463 aliae
1120 1400 1207 1464 villis
1221 1401 1367 1480 vestitae,

206 1505 289 1570 aliae
311 1504 412 1588 spinis
434 1504 596 1582 hirsutae3
630 1505 743 1590 pluma
764 1502 851 1581 alias,
875 1503 953 1568 alias
979 1526 1115 1589 squama
1136 1504 1284 1570 videmus
1310 1506 1368 1570 ob·
1386 1529 1424 1568 10

207 1610 328 1686 ductas,
351 1608 430 1672 alias
456 1629 524 1672 esse
549 1606 696 1672 cornibus
720 1614 869 1681 armatae,
895 1606 974 1670 alias
1000 1606 1119 1671 habere
1144 1608 1266 1692 effugia
1295 1609 1368 1694 pin-

206 1734 330 1776 narum.
384 1711 519 1774 Pastum
544 1717 653 1773 autem
680 1708 901 1772 animantibus
926 1708 1015 1794 large
1041 1718 1075 1774 et
1101 1710 1227 1795 copiose
1250 1720 1369 1777 natura

207 1839 291 1895 eum,
312 1816 369 1900 qui
389 1814 504 1899 cuique
531 1821 627 1899 aptus
651 1819 728 1889 erat,
752 1813 958 1897 comparavit.
1005 1813 1203 1878 Enumerare
1226 1836 1367 1899 possum,

207 1919 248 1983 ad
280 1940 356 1982 eum
390 1924 520 2001 pastum
551 1915 781 1999 capessendum
818 1913 1117 1999 conficiendumque
1147 1936 1229 2000 quae
1259 1915 1302 1980 sit
1331 1916 1368 1979 in

208 2021 321 2108 figuris
336 2019 552 2085 animantium
567 2027 601 2082 et
613 2041 711 2104 quarn
723 2018 832 2082 sollers
844 2018 1035 2102 subtilisque
1047 2017 1211 2104 discriptio
1223 2020 1367 2103 partium
1386 2041 1420 2101 15

208 2147 371 2212 quamque
392 2121 590 2188 admirabilis
609 2121 731 2186 fabrica
752 2122 979 2187 membrorum.
1026 2121 1146 2186 Omnia
1163 2122 1260 2200 enim,
1283 2146 1366 2209 quae

207 2231 340 2316 quidem
366 2229 455 2293 intus
480 2227 605 2292 inclusa
628 2235 713 2307 sunt,
737 2227 784 2291 ita
810 2234 887 2290 nata
910 2234 1010 2311 atque
1029 2226 1077 2290 ita
1098 2227 1203 2291 locata
1225 2237 1309 2306 sunt,
1328 2238 1367 2293 ut

207 2334 290 2398 nihil
306 2356 418 2398 eorum
438 2354 710 2417 supervacaneum
731 2332 781 2409 sit,
796 2330 879 2394 nihil
897 2329 937 2393 ad
955 2331 1058 2394 vitam
1078 2331 1280 2396 retinendam
1301 2355 1366 2396 non

139 2447 194 2506 122
206 2436 430 2502 necessarium.
474 2436 576 2500 Dedit
596 2445 707 2501 autem
726 2434 840 2500 eadem
859 2442 976 2499 natura
996 2434 1102 2499 beluis
1123 2443 1155 2499 et
1178 2456 1308 2499 sensum
1331 2444 1367 2500 21

207 2541 399 2628 appetitum,
412 2525 464 2603 'ut
493 2541 593 2604 altero
622 2548 774 2604 conatum
803 2538 961 2602 haberent
990 2538 1032 2602 ad
1061 2538 1225 2602 naturales
1253 2548 1366 2622 pastus
1382 2561 1421 2600 20

207 2644 425 2730 capessendos,
452 2643 553 2707 altero
578 2651 781 2708 secernerent
810 2642 963 2728 pestifera
992 2665 1012 2706 a
1040 2642 1241 2706 salutaribus.
1287 2642 1365 2708 Jam

206 2769 282 2811 vero
297 2748 360 2811 alia
378 2746 532 2810 animalia
545 2745 728 2830 gradiendo,
744 2745 808 2809 alia
822 2744 978 2829 serpendo
994 2744 1034 2808 ad
1049 2752 1180 2829 pastum
1199 2745 1367 2826 accedunt,

206 2851 270 2916 alia
285 2852 432 2930 volando,
448 2851 513 2914 alia
528 2850 645 2928 nando,
657 2851 831 2934 cibumque
846 2849 964 2934 partim
980 2847 1042 2912 oris
1057 2848 1150 2911 hiatu
1165 2857 1199 2915 et
1213 2849 1367 2916 dentibus

206 2953 285 3038 ipsis
309 2961 488 3036 capessunt,
516 2951 635 3037 partim
661 2954 821 3037 unguium
848 2951 1025 3016 tenacitate
1054 2951 1223 3037 arripiunt,
1246 2954 1365 3039 partim

206 3056 394 3121 aduncitate
410 3064 593 3133 rostrorum,
609 3055 672 3119 alia
693 3063 822 3141 sugunt,
839 3055 903 3118 alia
920 3063 1066 3140 carpunt,
1082 3056 1146 3119 alia
1164 3065 1286 3136 vorant,
1301 3059 1367 3124 2112
1382 3080 1397 3118 2
1401 3077 1418 3137 5

206 3159 367 3223 mandunt
377 3183 385 3239 ;
406 3167 505 3243 atque
521 3159 620 3222 etiam
635 3159 771 3223 aliorum
793 3181 832 3222 22
851 3165 901 3222 221
921 3158 1099 3238 humilitas,
1114 3167 1153 3223 ut
1175 3160 1284 3224 cibum
1302 3168 1366 3225 ter-

138 3271 193 3331 123
207 3271 340 3327 restrem
365 3262 474 3327 rostris
501 3263 594 3327 facile
617 3262 826 3346 contingant;
850 3283 933 3345 quae
954 3270 1064 3326 autem
1087 3263 1201 3327 altiora
1221 3272 1304 3341 sunt,
1327 3273 1367 3329 ut

164 3350 167 3355 ¹
206 3387 343 3444 anseres,
369 3375 407 3430 ut
430 3366 533 3452 cygni,
557 3374 595 3430 ut
619 3388 722 3451 grues,
742 3352 787 3429 ut
813 3364 936 3439 cameli,
958 3364 1155 3451 adjuvantur
1174 3367 1366 3451 proceritate

207 3470 359 3535 collorum
372 3496 380 3551 ;
403 3494 519 3536 manus
534 3470 634 3536 etiam
649 3471 726 3535 data
742 3470 914 3555 elephanto
931 3483 988 3547 est,
1005 3469 1226 3556 quiapropter
1241 3474 1366 3557 magni-

257 3682 322 3732 1112
341 3698 413 3745 quoe,
423 3684 482 3732 Asc.
502 3683 614 3744 Hervag.
632 3682 699 3744 edd,
723 3684 761 3731 bis
780 3697 844 3744 quoe
862 3680 982 3742 ABEN,
1007 3683 1093 3743 bisque
1112 3680 1138 3731 O.
1241 3685 1366 3732 sustinent

206 3761 377 3822 1222222,
389 3768 545 3816 sustinentur
556 3765 645 3814 GEPV
656 3764 714 3813 Oxi.
726 3764 907 3817 111102111212.
1005 3765 1020 3812 5
1037 3765 1151 3812 22211122
1162 3762 1220 3814 Oxf.
1232 3762 1288 3814 edd.
1299 3763 1366 3813 after

207 3842 282 3901 Dav„
302 3846 416 3893 22211122
436 3849 552 3896 1112221212
572 3846 673 3907 XLO÷,
696 3848 762 3895 2221.
787 3845 951 3905 1222222222
968 3842 1089 3904 nanr,
1110 3845 1174 3892 2221.
1190 3852 1215 3893 21
1235 3845 1311 3893 treas.
1332 3844 1364 3894 G.

206 3926 230 3973 21
243 3931 347 3987 propter
363 3925 511 3989 [aunum
528 3930 652 3990 sipporter
668 3927 712 3993 (by
727 3942 792 3976 corr.
806 3928 829 3975 21
842 3925 954 3990 propter)
966 3926 997 3986 V,
1010 3928 1131 3988 cipportet
1143 3926 1211 3988 OPB,
1230 3930 1253 3977 21
1269 3936 1365 3991 oportet

207 4009 271 4066 100,
281 4007 454 4068 propterOxf.
552 4012 729 4072 Opermoneat
740 4008 764 4056 X
778 4008 836 4057 Oxf.
848 4012 927 4057 amo
945 4007 1030 4059 Madv.
1044 4011 1102 4058 Fia.
1119 4023 1136 4056 v
1148 4009 1188 4069 42,
1202 4016 1365 4072 permaneant

207 4093 303 4150 110110,
318 4089 349 4139 cf.
370 4089 450 4139 below
467 4094 480 4151 ξ
500 4092 556 4143 127.
667 4093 698 4140 15
715 4093 847 4154 discriptio
863 4089 931 4150 edd,
951 4092 1095 4153 elisaciiptio
1113 4092 1143 4153 Β,
1163 4093 1296 4155 descriptio
1316 4106 1365 4140 mss

208 4168 347 4230 generally.
449 4170 480 4218 18
496 4173 652 4221 retinendam
666 4175 716 4222 nu
730 4170 825 4221 Heind.
839 4169 915 4218 Allan
930 4169 989 4219 Sch.
1006 4171 1060 4221 Mu.
1077 4169 1121 4233 (on
1134 4174 1193 4221 Fin.
1210 4187 1221 4220 1
1238 4174 1290 4234 33),
1303 4175 1365 4222 deti·

208 4249 317 4297 222122
328 4261 377 4295 uss
388 4249 518 4310 generally
530 4249 573 4298 Or.
585 4251 633 4299 Ba.
733 4253 765 4300 25
782 4251 938 4299 elicuerant
949 4263 1000 4297 om.
1013 4249 1055 4300 Or.
1070 4250 1103 4313 by
1114 4266 1193 4299 error.
1286 4253 1318 4302 26
1335 4267 1365 4300 22

209 4335 246 4376 221
257 4328 351 4388 Bona,
364 4344 405 4376 222
418 4337 441 4377 21
453 4330 520 4381 APV
529 4332 587 4380 Oxf.
596 4337 674 4382 ERV.
741 4334 870 4382 lumiliter
881 4329 1060 4393 Bcnv1oxr,
1075 4334 1210 4381 1222112122
1222 4333 1273 4395 AP,
1287 4335 1364 4382 12221-

210 4413 288 4461 lictus
299 4411 420 4461 vucav.
519 4415 550 4464 29
568 4416 629 4462 21212
645 4417 776 4477 elephanto
793 4421 830 4462 221
847 4418 867 4461 B
879 4413 922 4462 Or.
933 4412 980 4460 Ba.
993 4413 1056 4474 Mu,
1074 4415 1136 4462 2212
1154 4417 1296 4476 elephantos
1316 4417 1365 4478 (for
