3016 4966
430 377 493 425 rm.
518 376 546 423 11
569 374 641 425 car.
664 376 894 424 xmv-xuvrr
915 359 955 444 ἓξ
978 361 1157 426 114-120.
1334 366 1374 427 45

215 534 399 592 concretum
426 533 556 590 etcum
578 524 660 588 aeris
683 525 888 589 extremitate
911 524 1124 609 conjungitur.
1170 526 1288 590 XLVI.
1336 526 1376 590 In

216 631 347 694 aethere
362 638 472 693 autem
493 635 579 692 astra
594 628 778 705 volvuntur,
797 651 880 712 quae
901 651 934 692 se
955 636 987 691 et
1009 628 1083 691 nisu
1107 649 1164 691 suo
1187 630 1378 714 conglobata

216 732 385 797 continent
408 740 442 795 et
467 732 569 794 forma
595 731 665 815 ipsa
694 731 861 816 figuraque
891 754 949 795 sua
979 740 1144 796 momenta
1174 740 1378 811 sustentant;

216 842 293 898 sunt
308 833 396 897 enim
411 832 558 910 rotunda,
573 833 691 916 quibus
706 833 826 910 formis,
839 841 877 898 ut
892 842 968 898 ante
981 834 1099 897 dixisse
1111 833 1228 909 videor,
1242 834 1377 898 minime

185 937 324 1008 5noceri
344 944 458 1022 potest.
504 936 589 1000 Sunt
611 943 722 999 autem
745 937 857 1000 stellae
880 944 998 1001 natura
1019 937 1209 1016 flammeae3
1232 937 1380 1021 quocirca
1394 939 1449 997 118

217 1047 329 1115 terrae,
359 1038 465 1114 maris
502 1059 718 1122 aquarumque
747 1039 947 1122 reliquarum
977 1038 1149 1122 vaporibus
1173 1039 1307 1103 aluntur
1331 1039 1379 1116 iis,

218 1142 275 1227 qui
297 1165 317 1204 a
338 1142 404 1206 sole
428 1163 468 1204 ex
490 1141 575 1225 agris
599 1141 766 1225 tepefactis
793 1149 828 1204 et
853 1163 893 1205 ex
923 1142 1015 1226 aquis
1040 1142 1232 1219 excitantur,
1258 1144 1378 1228 quihus

218 1245 303 1308 altae
318 1253 555 1329 renovataeque
571 1245 682 1309 stellae
697 1251 795 1328 atque
814 1244 918 1308 onmis
938 1245 1052 1309 aether
1071 1246 1250 1310 refundunt
1266 1247 1378 1310 eadem

218 1356 252 1412 et
267 1369 393 1411 rursum
409 1346 544 1411 trahunt
559 1346 712 1421 indidem,
729 1346 813 1409 nihil
829 1356 867 1411 ut
882 1348 948 1410 fere
963 1347 1103 1412 intereat
1122 1356 1179 1412 aut
1202 1349 1379 1412 admodum

168 1473 205 1510 10
218 1450 361 1536 paulum,
378 1450 465 1534 quod
487 1457 645 1514 astrorum
659 1449 744 1533 ignis
760 1457 793 1513 et
807 1449 948 1514 aetheris
963 1450 1095 1514 flamma
1109 1460 1286 1515 consumat.
1328 1452 1379 1515 Ex

218 1578 283 1640 quo
306 1563 499 1619 eventurum
514 1554 615 1619 nostri
635 1563 754 1638 putant
774 1555 816 1631 id,
831 1554 872 1618 de
891 1577 955 1639 quc
975 1555 1167 1619 Panaetium
1188 1555 1380 1620 addubitare

220 1662 379 1736 dicebant,
409 1670 447 1725 ut
478 1661 518 1724 ad
549 1669 731 1724 extremum
767 1661 870 1724 omnis
906 1661 1064 1724 mundus
1086 1661 1273 1746 ignesceret,
1307 1683 1382 1724 curn

221 1789 332 1830 umore
361 1774 552 1851 consumpto
582 1787 694 1850 neque,
712 1773 798 1831 terra
828 1767 872 1830 ali
901 1776 1009 1851 posset
1038 1789 1098 1831 nec
1128 1775 1288 1831 remearet
1318 1772 1382 1844 a'e'r,

221 1869 313 1954 cujus
331 1877 420 1933 ortus
443 1891 528 1953 aqua
550 1868 638 1932 omni
662 1868 820 1933 exhausta
841 1891 910 1933 esse
934 1892 999 1932 non
1024 1878 1149 1954 posset;
1171 1870 1218 1932 ita
1241 1870 1382 1955 relinqui

171 1989 205 2048 15
221 1973 303 2036 nihil
323 1980 451 2056 praeter
470 1972 588 2056 ignem,
605 1994 625 2035 a
645 1994 708 2056 quo
729 1995 857 2036 rursum
881 1973 1047 2037 animante
1072 1995 1109 2037 ac
1132 1974 1192 2037 deo
1216 1974 1382 2037 renovatio

221 2076 336 2141 mundi
354 2076 446 2140 fieret
470 2085 569 2161 atque
591 2077 677 2140 idem
700 2085 832 2142 ornatus
853 2086 1003 2142 oreretur.
1048 2079 1134 2142 Nolo
1156 2078 1191 2141 in
1214 2079 1381 2142 stellarum
1399 2084 1454 2142 119

222 2180 347 2244 ratione
367 2181 490 2244 multus
507 2181 595 2244 vohis
610 2180 722 2260 videri,
738 2182 944 2266 maximeque
965 2204 1085 2260 earum,
1101 2205 1183 2268 quae
1205 2205 1311 2247 errare
1335 2183 1385 2247 di-

224 2292 341 2348 cuntur
351 2308 359 2363 ;
381 2305 518 2367 quarum
534 2292 646 2348 tantus
665 2293 714 2349 est
731 2294 904 2349 concentus
927 2308 967 2349 ex
985 2285 1209 2349 dissimillimis
1232 2286 1383 2362 motibus,

223 2396 270 2463 ut,
286 2409 359 2450 cum
382 2409 509 2450 summa
532 2387 666 2451 Saturni
688 2388 862 2472 refrigeret,
883 2388 991 2451 media
1016 2387 1130 2451 Martis
1152 2388 1313 2465 incendat,
1333 2389 1384 2452 his

174 2511 211 2548 20
225 2489 396 2574 interjecta
421 2487 513 2553 Jovis
539 2489 680 2553 illustret
707 2498 741 2554 et
766 2498 935 2575 temperet,
959 2489 1106 2574 infraque
1133 2490 1274 2553 Martem
1301 2491 1385 2554 duae

226 2592 293 2656 Soli
323 2591 503 2667 oboediant,
529 2590 598 2674 ipse
629 2591 685 2655 Sol
714 2591 873 2655 mundum
899 2613 1029 2655 omnem
1051 2613 1110 2654 sua
1131 2591 1202 2654 luce
1225 2592 1386 2675 compleat

226 2696 268 2760 ab
307 2717 409 2781 eoque
450 2695 543 2758 Luna
580 2694 765 2760 illuminata
799 2696 1008 2780 graviditates
1046 2703 1079 2760 et
1119 2703 1232 2780 partus
1272 2696 1386 2760 afferat

227 2799 496 2883 maturitatesque
531 2799 696 2883 gignendi.
757 2799 848 2879 Quae
886 2799 1046 2883 copulatio
1079 2821 1187 2863 rerum
1222 2807 1256 2863 et
1293 2800 1385 2883 quasi

227 2903 432 2968 consentiens
463 2902 503 2966 ad
540 2902 654 2966 mundi
689 2903 946 2968 incolumitatem
980 2903 1216 2989 coagmentatio
1252 2912 1386 2967 naturae

178 3031 212 3090 ²5
228 3028 326 3090 quem
362 3027 428 3069 non
458 3012 574 3082 movet,
604 3005 693 3068 hunc
728 3005 843 3069 horum
878 3005 961 3069 nihil
998 3027 1154 3090 umquam
1188 3004 1387 3089 reputavisse

229 3117 315 3173 certo
338 3109 410 3172 scio.
588 3105 591 3108 ’

294 3212 430 3277 XLVII.
477 3213 554 3297 Age,
570 3221 609 3276 ut
624 3236 643 3276 a
658 3213 850 3278 caelestibus
865 3212 960 3277 rebus
975 3213 1016 3276 ad
1032 3220 1198 3276 terrestres
1209 3211 1387 3288 veniamur,
1401 3219 1456 3278 120

229 3315 307 3400 quid
323 3323 373 3379 est
387 3315 423 3378 in
436 3315 496 3393 his,
511 3317 545 3378 in
562 3338 625 3400 quo
644 3339 709 3379 non
727 3324 862 3380 naturae
879 3315 962 3379 ratio
977 3313 1196 3398 intellegentis
1211 3318 1387 3398 appareat?

230 3419 391 3504 Principio
410 3441 527 3496 eorum,
547 3441 630 3504 quae
650 3421 830 3505 gignuntur
849 3442 867 3484 e
887 3427 980 3496 terra,
996 3420 1112 3504 stirpes
1126 3428 1160 3483 et
1175 3419 1386 3483 stabilitatem

280 3613 295 3660 2
311 3614 459 3674 conglobata
474 3612 498 3661 G
512 3613 611 3663 Probus
627 3613 660 3663 ad
675 3617 733 3664 Ecl.
745 3629 771 3676 p.
785 3615 815 3665 17
826 3613 883 3663 edd.
897 3614 939 3675 (cf.
952 3612 1031 3663 above
1044 3616 1071 3674 ἐξ
1083 3615 1122 3671 98,
1135 3613 1201 3677 116),
1220 3615 1322 3675 globata
1339 3628 1387 3662 uss

231 3695 361 3757 generally
381 3696 437 3756 (not
456 3694 538 3743 found
557 3694 693 3744 elsewhere
712 3695 797 3745 before
816 3695 912 3757 Pliny).
1011 3693 1213 3757 tectorumque
1232 3697 1388 3757 reliquarum

231 3778 365 3840 vaporibus
375 3774 451 3824 Prob.
462 3776 480 3825 1.
493 3790 515 3824 c.
527 3775 618 3826 Forch.
632 3791 657 3838 p,
670 3777 710 3838 51,
724 3791 847 3839 aquarum
857 3792 914 3838 cap.
930 3790 979 3824 uss
991 3774 1043 3824 and
1057 3775 1114 3823 edd.
1213 3777 1229 3824 8
1246 3777 1322 3834 altae,
1330 3792 1387 3839 per·

233 3861 300 3908 altae
320 3857 397 3906 Proh.
495 3859 632 3922 refundunt
648 3860 759 3921 Hervag.
771 3859 839 3917 edd,
853 3861 982 3921 effundant
999 3858 1073 3910 Proh.
1094 3859 1115 3925 (r
1130 3858 1183 3907 lost
1199 3858 1266 3909 after
1282 3858 1386 3922 aether),

232 3941 351 4002 refundat
373 3953 421 3987 uss
443 3940 580 4002 generally,
602 3943 715 4004 refundit
737 3940 765 4003 O,
790 3942 904 4004 effundat
925 3940 981 3992 Asc.
1083 3942 1175 4002 eadem,
1196 3943 1278 3991 eodem
1295 3940 1385 3992 Lamb.

235 4018 250 4068 9
267 4019 372 4067 trahunt
383 4031 431 4066 uss
442 4019 580 4081 generally,
596 4022 682 4069 trahat
693 4025 724 4080 E,
747 4021 851 4068 maturat
860 4019 916 4068 Asc.
930 4018 961 4066 G.
1060 4020 1171 4067 indidem
1182 4019 1388 4080 A¹[BOEPV]÷‚

234 4098 323 4145 itidem
333 4095 451 4148 A2Pr0b.
521 4099 552 4146 10
565 4101 671 4161 paulum
682 4098 841 4156 nnvProb,
847 4099 982 4160 paululum
994 4111 1042 4146 nes
1053 4097 1183 4159 generally
1194 4098 1246 4147 Mu.
1334 4111 1388 4145 coa

236 4184 317 4226 cunrat
334 4190 381 4224 nse
399 4177 536 4239 generally,
549 4187 692 4227 coruscarunt
703 4179 725 4226 Ε
736 4177 822 4235 Proh,
835 4179 958 4225 consumit
969 4176 1059 4226 Lamb.
1071 4176 1138 4235 edd,
1150 4181 1293 4225 consumunt
1304 4173 1387 4232 Allan,

238 4258 390 4307 seeComm.
458 4260 489 4310 19
508 4260 651 4309 hisEOxf.
661 4260 736 4321 URV,
750 4262 784 4309 its
796 4259 873 4308 BPV²
885 4258 928 4307 Or.
940 4259 997 4322 Ba,
1013 4261 1034 4307 ts
1047 4259 1150 4308 aevu.
1216 4258 1248 4305 24
1265 4269 1389 4316 coaptare

240 4342 303 4389 totto
315 4339 401 4402 [Aer]
416 4340 472 4390 Oxf.
487 4347 514 4401 B,
529 4343 806 4404 couupm.BE11M0÷‚
819 4356 907 4391 ccccm.
920 4340 965 4391 Va
