3016 4966
602 395 649 443 DE
672 394 813 442 NATURA
835 394 990 443 DEORUM.

321 546 430 597 rostro
448 542 580 608 tundit3
602 545 634 596 ct
655 543 708 595 hic
728 542 878 596 Geminis
897 546 948 596 est
967 542 1026 596 illc
1046 541 1106 596 sub
1127 541 1211 612 ipsis

320 631 513 698 Antemnis,
533 631 659 701 Προκὺων
678 630 778 684 Graio
799 630 856 699 qui
877 631 1010 683 nomine
1032 629 1146 684 fertur.

147 749 201 807 115
215 742 307 806 Haec
322 741 426 805 omnis
441 741 606 825 discriptio
622 740 763 804 siderum
779 749 878 826 atque
893 741 946 804 hic
962 748 1073 804 tantus
1088 741 1168 804 caeli
1184 746 1318 803 ornatus
1333 762 1374 802 ex

215 844 398 930 corporibus
412 843 476 906 huc
492 851 525 907 et
540 844 617 906 illuc
632 865 706 906 casu
723 851 757 906 et
777 852 898 907 temere
914 843 1117 907 cursantibus
1132 842 1275 927 potuisse
1291 843 1375 907 effici
1455 850 1458 855 '

214 947 365 1032 cuiquam
391 969 468 1011 sano
495 947 597 1010 videri
623 951 755 1031 potest?
789 956 847 1011 aut
872 970 948 1012 vero
977 947 1086 1031 aliqua
1112 955 1230 1011 natura
1254 947 1374 1010 mentis
1410 970 1426 1030 5

215 1058 248 1113 et
262 1051 395 1114 rationis
407 1071 519 1134 expers
534 1049 612 1114 haec
628 1050 748 1114 efficere
764 1049 897 1134 potuit?
915 1072 998 1136 quae
1015 1072 1079 1113 non
1095 1050 1189 1113 modo
1204 1058 1243 1114 ut
1257 1050 1374 1114 fierent

214 1153 338 1217 ratione
360 1161 527 1237 eguerunt,
552 1153 607 1216 sed
630 1153 775 1236 intellegi
798 1153 907 1237 qualia
929 1154 995 1217 sint
1013 1154 1082 1216 sine
1102 1175 1230 1217 summa
1248 1154 1374 1218 ratione

214 1280 279 1321 non
294 1266 436 1342 possunt.
502 1294 504 1298 ,

278 1362 377 1427 XLV.
422 1362 492 1425 Nec
517 1384 590 1425 vero
616 1360 696 1424 haec
718 1361 822 1424 solum
844 1360 1055 1438 admirabilia,
1077 1362 1133 1425 sed
1155 1361 1238 1424 nibil
1261 1361 1374 1448 majus,

213 1487 311 1550 quarn
335 1466 420 1550 quod
443 1465 491 1529 ita
514 1465 640 1529 stabilis
663 1472 712 1528 est
735 1462 876 1526 mundus
895 1472 994 1548 atque
1014 1464 1062 1528 ita
1081 1464 1231 1529 cohaeret
1246 1465 1287 1528 ad
1303 1487 1374 1549 per·
1392 1492 1429 1530 ιο

213 1569 420 1646 manendum,
435 1578 473 1634 ut
488 1569 570 1632 nihil
586 1590 627 1631 ne
643 1567 818 1652 excogitari
834 1566 966 1652 quidem
982 1568 1082 1653 possit
1098 1569 1213 1654 aptius.
1253 1569 1375 1633 Omnes

213 1676 302 1739 enim
321 1682 429 1759 partes
448 1674 517 1758 ejus
537 1673 682 1757 undique
702 1672 846 1736 medium
868 1672 975 1735 locum
998 1680 1201 1756 capessentes
1222 1672 1375 1736 nituntur

169 1811 172 1818 ·
214 1778 399 1861 aequaliter.
444 1776 588 1839 Maxime
603 1783 713 1839 autem
730 1796 862 1858 corpora
881 1774 967 1838 inter
987 1797 1020 1839 se
1035 1774 1153 1858 juncta
1173 1783 1374 1860 permanent,

215 1904 289 1945 curn
312 1880 404 1964 quasi
427 1880 566 1964 quodam
589 1879 717 1943 vinculo
740 1877 937 1941 circumdato
960 1878 1171 1994 colligantur3
1194 1878 1280 1962 quod
1298 1877 1376 1941 facit

216 2007 254 2048 ea
273 1993 397 2057 natura,
414 2005 496 2067 quae
515 2005 573 2068 per
595 2004 723 2046 omnem
747 1982 906 2045 mundum
931 1982 1040 2046 omnia
1061 1989 1171 2046 mente
1194 1990 1228 2046 et
1250 1983 1375 2046 ratione
1392 2004 1427 2064 15

216 2086 385 2151 conficiens
407 2086 555 2150 funditur
576 2094 610 2150 et
634 2086 674 2149 ad
701 2085 845 2149 medium
869 2085 954 2170 rapit
981 2094 1014 2149 et
1038 2085 1197 2150 convertit
1222 2099 1375 2149 extrema.

148 2197 202 2255 116
217 2187 379 2267 Quocirca,
397 2211 424 2252 ει
415 2188 580 2252 mundus
600 2188 749 2272 globosus
764 2196 813 2252 est
800 2188 870 2252 tob
884 2209 1021 2272 eamque
1036 2209 1165 2250 causam
1180 2208 1291 2250 omnes
1306 2186 1376 2271 ejus

216 2300 324 2376 partes
339 2291 484 2375 undique
497 2291 702 2376 aequabiles
694 2312 781 2374 rpsae
793 2313 895 2376 perse
907 2298 1005 2375 atque
1017 2289 1103 2354 inter
1115 2313 1148 2354 se
1160 2292 1376 2368 continentur,

216 2395 402 2479 contingere
422 2394 508 2458 idem
527 2402 632 2458 terrae
653 2415 780 2457 necesse
799 2400 857 2470 est,
871 2400 910 2455 ut
928 2392 1078 2456 omnibus
1096 2392 1165 2476 ejus
1180 2393 1326 2477 partibus
1341 2393 1376 2455 in

216 2499 361 2563 medium
377 2498 582 2582 vergentibus
600 2497 645 2581 (id
661 2505 771 2560 autem
787 2497 930 2560 medium
946 2497 1095 2560 infimum
1112 2498 1146 2561 in
1162 2498 1297 2582 sphaera
1312 2499 1375 2583 est)
1392 2525 1430 2564 20

218 2603 301 2666 nihil
316 2603 539 2686 interrumpat,
555 2623 618 2685 quo
634 2601 820 2665 labefactari
835 2601 934 2685 possit
953 2609 1044 2665 tanta
1059 2603 1223 2666 contentio
1238 2603 1377 2687 gravita-

216 2703 259 2767 tis
286 2712 320 2768 et
344 2704 531 2787 ponderum.
574 2702 764 2785 Eademque
783 2703 908 2766 ratione
929 2725 1026 2780 mare,
1049 2726 1123 2767 cum
1142 2726 1238 2788 supra
1257 2712 1377 2768 terram

218 2807 268 2883 sit,
283 2807 428 2870 medium
449 2813 560 2868 tamen
579 2813 684 2868 terrae
704 2805 810 2868 locum
831 2814 984 2889 expetens
1005 2807 1214 2891 conglobatur
1233 2807 1378 2893 undique

149 2913 203 2971 117
219 2908 433 2993 aequabiliter
451 2929 558 2991 neque
576 2907 736 2971 redundat
757 2930 913 2992 umquam
933 2932 1039 2994 neque
1059 2909 1245 2974 effunditur.
1290 2911 1379 2974 Huic

218 3021 329 3076 autem
356 3011 525 3075 continens
550 3017 605 3074 aer
629 3011 731 3074 fertur
754 3010 809 3074 ille
831 3011 964 3096 quidem
986 3012 1119 3076 levitate
1141 3013 1297 3090 sublimis,
1321 3013 1377 3077 sed
1393 3011 1447 3100 25⁹

218 3125 328 3179 tamen
354 3115 390 3177 in
416 3136 527 3177 omnes
553 3121 661 3196 partes
688 3135 721 3177 se
747 3113 816 3198 ipse
839 3114 970 3193 sundit3
1003 3115 1114 3200 itaque
1139 3124 1173 3179 et
1197 3115 1279 3179 mari
1303 3138 1378 3179 con-

218 3218 365 3282 tinuatus
381 3226 414 3282 et
427 3217 562 3302 junctus
577 3224 627 3281 est
642 3225 676 3280 et
691 3225 808 3280 natura
828 3218 930 3281 fertur
949 3218 990 3281 ad
1009 3219 1143 3296 caelum,
1158 3218 1250 3304 cujus
1270 3219 1378 3282 tenui-

218 3328 287 3384 tate
303 3330 336 3385 et
352 3322 455 3386 calore
470 3329 671 3406 temperatus
686 3322 820 3385 vitalem
841 3330 875 3386 et
890 3323 1062 3387 salutarem
1079 3323 1228 3407 spiritum
1244 3324 1378 3408 praebet

218 3425 447 3489 animantibus
491 3424 596 3504 Quem
618 3425 783 3509 complexa
804 3447 930 3489 summa
944 3447 1017 3510 pars
1032 3425 1121 3502 caeli,
1136 3447 1219 3509 quae
1235 3426 1379 3491 aetheria

218 3531 344 3607 dicitur,
369 3539 404 3594 et
430 3552 524 3594 suum
547 3529 667 3594 retinet
688 3529 834 3594 ardorem
858 3538 990 3594 tenuem
1013 3539 1046 3594 et
1068 3530 1159 3593 nulla
1180 3530 1378 3594 admixtione
1393 3563 1433 3618 30

268 3721 282 3768 1
302 3721 385 3769 tundit
406 3720 460 3769 1320
482 3723 577 3783 (tundit
594 3734 624 3769 or
644 3722 724 3769 tondit
742 3735 790 3768 uss
812 3720 840 3769 of
860 3719 956 3768 Phaen.
978 3720 1044 3780 221),
1067 3720 1148 3767 tendit
1169 3733 1217 3767 uss
1235 3718 1375 3780 generally.

221 3803 236 3848 2
252 3803 388 3850 Actaeonis
399 3801 420 3849 B
432 3800 466 3863 by
477 3816 541 3850 corr.
554 3800 646 3850 Lamb.
660 3801 741 3850 Orelli
752 3801 780 3848 in
791 3801 888 3850 Phaen.
898 3801 940 3862 (cl.
953 3801 1039 3850 Schol.
1052 3800 1080 3848 in
1093 3800 1216 3849 German.
1228 3803 1323 3849 Aratea
1334 3815 1377 3862 pp.

222 3883 276 3941 109,
290 3882 417 3946 170„181‚
430 3884 478 3931 225
492 3881 618 3947 Breysig),
631 3885 773 3931 anticanem
784 3883 835 3941 ΡΗ,
848 3889 992 3931 antecanem
1006 3880 1148 3938 Baehrens,
1160 3888 1218 3930 ante
1234 3896 1319 3930 canem
1331 3896 1379 3930 uss

220 3963 352 4026 generally
365 3962 419 4012 edd.
434 3978 476 4012 see
492 3965 592 4013 Oomm.
681 3966 804 4028 Προκύων,
823 3965 881 4013 Lat.
899 3964 928 4012 in
944 3977 1001 4012 uss.
1101 3966 1116 4012 3
1133 3965 1265 4026 discriptio
1282 3964 1304 4011 A
1320 3963 1378 4014 edd.

221 4049 236 4096 5
253 4047 342 4106 aliquo
353 4044 407 4092 Ara
419 4045 453 4106 by
464 4060 528 4093 corr.
540 4046 645 4095 Walker
657 4045 741 4106 Klotz,
754 4048 810 4095 alia
822 4060 885 4107 quae
897 4045 982 4107 [GPV]
995 4045 1053 4092 Oxf.
1065 4049 1127 4094 BHO
1138 4043 1194 4092 edd.
1208 4044 1263 4104 (the
1276 4059 1378 4106 corrup·

221 4123 278 4173 tion
289 4138 347 4184 may
359 4123 424 4171 have
436 4122 521 4171 arisen
533 4123 599 4172 from
617 4123 661 4174 the
676 4124 746 4173 word
763 4124 840 4186 being
858 4122 961 4172 dirided
979 4138 1007 4171 so
1025 4138 1054 4172 as
1071 4125 1098 4171 to
1118 4123 1169 4171 end
1186 4122 1230 4172 the
1248 4124 1300 4171 line
1316 4122 1379 4172 with

222 4208 279 4268 ali),
300 4207 368 4254 allae
388 4219 451 4266 quoe
470 4204 511 4264 Al,
534 4207 589 4253 alia
609 4221 659 4268 quc
678 4206 710 4266 E,
732 4221 794 4268 quoe
813 4208 868 4254 alia
887 4204 1007 4264 chnv,
1029 4207 1084 4253 alta
1102 4207 1224 4266 quaedam
1242 4205 1265 4254 G
1282 4205 1378 4256 Heind.

224 4290 239 4339 9
256 4288 344 4349 atejus,
357 4288 436 4346 raupta
448 4286 551 4334 Walker
562 4287 657 4336 Heind.
757 4289 787 4337 25
803 4289 918 4335 sublimis
929 4287 951 4334 B
963 4286 1027 4334 Dav.
1039 4285 1136 4334 Heind.
1148 4285 1223 4335 Allen
1241 4287 1309 4349 Scb,
1323 4291 1379 4337 sub-

226 4372 281 4420 ltrar'
294 4374 315 4430 (a
325 4369 376 4417 lost
388 4367 473 4416 before
484 4367 537 4429 aed)
551 4382 599 4417 uss
610 4369 745 4431 generally,
760 4371 863 4418 sublime
876 4369 917 4419 Or.
932 4369 978 4417 Ba.
990 4369 1044 4419 Mu.
1059 4384 1100 4418 see
1112 4369 1211 4418 Comm.
