3016 4966
389 383 454 432 nra.
477 383 504 430 11
527 383 599 431 cnr.
623 365 850 452 trx-r.x1§§
874 370 1054 434 ree-153.
1261 370 1302 433 59

144 554 201 597 nos
223 530 398 616 sagacitate
425 554 542 596 canum
569 531 610 596 ad
632 530 811 596 utilitatem
833 539 975 596 nostram
1006 531 1178 611 abutimur,
1203 554 1302 598 nose

142 643 247 700 terrae
269 634 414 700 cavernis
435 635 558 700 ferrum
580 634 736 714 elicimus,
754 657 823 699 rem
844 635 885 700 ad
907 634 1057 700 colendos
1078 657 1170 720 agros
1192 657 1302 700 neces-

143 740 270 818 sariam,
297 762 355 804 nos
385 739 490 815 aeris,
519 738 679 825 argenti,
705 740 787 804 auri
819 762 935 804 venas
965 739 1121 824 penitus
1151 740 1303 805 abditas

142 842 326 936 invenimus
349 851 382 907 et
405 842 445 906 ad
469 864 565 906 usum
588 851 680 927 aptas
703 852 737 907 et
760 843 801 907 ad
826 852 976 907 ornatum
999 843 1136 920 decoras,
1152 843 1303 908 arborum
1331 878 1339 884 ·

111 969 127 1029 5
143 955 254 1011 autem
270 946 471 1011 consectione
487 946 639 1031 omnique
654 947 791 1010 materia
807 955 840 1011 et
861 947 950 1011 culta
969 954 1003 1011 et
1023 947 1162 1011 silvestri
1182 948 1301 1033 partim

143 1051 184 1115 ad
203 1051 427 1116 calficiendum
448 1073 561 1136 corpus
579 1050 648 1136 igni
670 1051 816 1116 adhibito
838 1051 933 1116 etad
954 1050 1172 1137 mitigandum
1192 1052 1301 1118 cibum

142 1155 276 1234 utimur,
310 1155 432 1241 partim
474 1154 516 1219 ad
558 1154 802 1234 aedificandum,
840 1164 878 1220 ut
913 1157 1008 1220 tectis
1043 1156 1147 1242 saepti
1185 1156 1304 1242 frigora

143 1260 327 1346 caloresque
349 1261 516 1346 pellamus.
561 1260 697 1345 Magnos
722 1283 798 1325 vero
820 1282 898 1326 usus
922 1262 1018 1326 affert
1040 1263 1082 1326 ad
1104 1261 1234 1347 navigia
1255 1262 1302 1326 fa·
1316 1268 1372 1328 152

143 1365 265 1444 cienda,
299 1388 437 1450 quorum
471 1366 616 1431 cursibus
648 1366 900 1452 suppeditantur
933 1389 1044 1432 omnes
1077 1366 1222 1452 undique
1260 1366 1301 1430 ad

94 1496 130 1535 10
142 1470 245 1535 vitam
260 1471 370 1556 copiae
380 1496 388 1552 ;
410 1494 555 1557 quasque
579 1493 629 1537 res
649 1470 896 1536 violentissimas
917 1479 1035 1536 natura
1050 1471 1175 1556 genuit,
1189 1494 1302 1536 earum

143 1574 397 1640 moderationem
413 1598 471 1641 nos
487 1574 545 1641 soli
564 1575 729 1653 habemus,
745 1575 843 1639 maris
863 1583 963 1661 atque
977 1583 1156 1652 ventorum,
1172 1582 1303 1660 propter

120 1678 348 1743 nauticarum
386 1701 495 1744 rerum
533 1678 711 1757 scientiam,
743 1678 957 1764 plurimisque
997 1677 1168 1742 maritimis
1206 1678 1302 1743 rebus

142 1783 280 1848 fruimur
301 1791 400 1869 atque
423 1785 554 1849 utimur.
600 1785 812 1850 Terrenorum
833 1784 914 1850 item
934 1785 1174 1849 commodorum
1197 1783 1301 1848 omnis

143 1898 192 1955 est
210 1890 245 1954 in
260 1873 391 1955 homine
407 1890 599 1958 dominatus.
644 1891 714 1955 Nos
735 1891 866 1977 campis,
887 1913 944 1955 nos
966 1891 1132 1955 montibus
1154 1890 1301 1968 fruimur,

93 2013 127 2074 15
142 1992 244 2057 nostri
266 2001 344 2057 sunt
363 2015 482 2071 amnes,
497 1991 600 2057 nostri
615 1993 713 2072 lacus
729 2014 788 2057 nos
802 1994 910 2078 fruges
926 1993 1070 2071 serimus,
1085 2015 1143 2057 nos
1161 1990 1303 2071 arbores,

142 2117 201 2160 nos
230 2119 389 2182 aquarum
418 2096 662 2161 inductionibus
691 2096 785 2161 terris
820 2097 1053 2162 fecunditatem
1090 2096 1213 2175 damus,
1243 2119 1301 2161 nos

142 2198 278 2264 flumina
293 2222 445 2278 arcemus,
461 2199 646 2284 derigimus,
661 2200 843 2279 avertimus,
860 2201 978 2264 nostris
993 2200 1134 2285 denique
1149 2200 1300 2265 manibus

142 2301 176 2366 in
192 2325 300 2368 rerum
315 2312 432 2367 natura
446 2303 539 2389 quasi
553 2304 688 2368 alteram
703 2312 854 2368 naturam
870 2303 994 2368 efficere
1010 2325 1171 2368 conamur.

207 2406 294 2471 LXI.
339 2405 425 2486 Quid
448 2411 549 2472 vero?
582 2406 752 2471 hominum
778 2406 861 2471 ratio
887 2429 953 2470 non
977 2406 1012 2469 in
1041 2407 1167 2471 caelum
1197 2429 1300 2492 usque
1315 2409 1370 2468 153

91 2506 346 2596 2o'penetravitl
392 2509 460 2576 Soli
489 2510 576 2575 enim
607 2533 648 2574 ex
676 2509 898 2574 animantibus
927 2532 985 2574 nos
1015 2518 1174 2574 astrorum
1202 2519 1300 2589 ortus,

142 2616 249 2680 obitus
272 2637 446 2701 cursusque
469 2616 695 2701 cognovimus;
722 2616 763 2680 ab
786 2616 956 2680 hominum
976 2637 1094 2701 genere
1115 2615 1227 2681 finitus
1250 2624 1300 2681 est

141 2719 218 2796 dies,
233 2718 361 2797 mensis,
383 2741 496 2797 annus,
516 2719 711 2784 defectiones
729 2719 804 2783 solis
824 2728 857 2783 et
875 2719 972 2783 lunae
995 2719 1143 2805 cognitae
1157 2720 1300 2805 praedic-

141 2829 258 2908 taeque
273 2822 309 2885 in
324 2845 419 2887 omne
433 2829 597 2907 posterum
611 2831 748 2907 tempus,
758 2845 851 2907 quae,
864 2830 1014 2908 quantae,
1027 2822 1156 2907 quando
1170 2824 1299 2888 futurae

141 2926 213 2992 sint.
259 2927 350 3007 Quae
365 2936 522 2992 contuens
537 2928 664 2997 animus
680 2928 801 2994 accedit
821 2928 861 2992 ad
883 2928 1100 3014 cognitionem
1121 2928 1264 3008 deorum,
1281 2951 1299 2993 e

91 3054 106 3092 2
111 3051 126 3110 5
140 3052 205 3116 qua
220 3030 322 3095 oritur
336 3030 449 3115 pictae,
465 3031 518 3095 cui
534 3031 705 3117 conjuncta
720 3031 851 3117 justitia
866 3040 915 3096 est
931 3032 1140 3117 reliquaeque
1154 3031 1299 3110 virtutes,

141 3156 158 3199 e
174 3134 292 3219 quibus
307 3133 379 3208 vita,
390 3135 488 3199 beata
502 3135 629 3200 exsistit
644 3157 704 3220 par
716 3144 759 3229 ‚et
775 3135 889 3200 similis
905 3136 1047 3212 deorum,
1067 3135 1157 3199 nulla
1179 3135 1243 3200 alia
1265 3157 1299 3199 re

140 3240 203 3304 nisi
217 3239 470 3318 immortalitate,
482 3263 564 3326 quae
579 3241 663 3305 nihil
678 3242 719 3305 ad
735 3241 817 3306 bene
834 3241 1010 3306 vivendum
1022 3240 1172 3326 pertinet,
1184 3240 1299 3304 cedens

139 3345 339 3410 caelestibus.
384 3345 510 3424 Quibus
524 3347 620 3412 rebus
635 3347 789 3432 expositis
805 3346 883 3411 satis
899 3346 1044 3411 docuisse
1059 3344 1178 3422 videor,
1193 3343 1299 3408 homi-

139 3448 189 3512 nis
213 3456 332 3513 natura
354 3457 477 3533 quanto
504 3471 616 3516 omnes
642 3450 782 3516 anteiret
806 3450 997 3514 animantes.
1042 3449 1092 3512 Ex
1116 3467 1180 3531 quo
1201 3446 1299 3511 debet

187 3715 202 3762 2
219 3715 332 3764 ele'eimar
344 3728 401 3775 uss,
415 3716 530 3776 elicimus
542 3715 596 3765 Mu.
608 3730 650 3765 see
665 3716 765 3766 Oomm
867 3718 882 3766 ὅ
899 3717 1052 3765 comestione
1064 3714 1097 3764 V²
1109 3715 1167 3765 Oxi.
1181 3722 1207 3766 Μ
1218 3716 1298 3767 Herv.

137 3796 237 3858 Lamb,
251 3797 403 3859 coaffectione
414 3797 535 3860 Brov÷,
547 3801 723 3861 confectionem
733 3798 875 3848 AOEPV¹B
882 3808 915 3859 ÷‚
925 3798 1103 3847 contractionem
1113 3802 1143 3849 Ε.
1213 3801 1228 3849 6
1245 3800 1297 3848 cal·

131 3878 271 3940 ficientium
290 3877 386 3939 AOPV,
411 3881 452 3928 cai
473 3879 622 3941 faciendum
643 3880 673 3938 B,
696 3881 882 3944 calfaciendum
904 3879 961 3930 Oxf.
988 3879 1076 3938 Horu,
1099 3881 1298 3942 calefaciendam

138 3959 370 4019 murman..
392 3962 579 4024 caleficiendnm
597 3967 643 4012 Bc.
752 3964 818 4014 iad
836 3963 1020 4026 aedificandam
1036 3961 1108 4026 [Β]0,
1126 3964 1201 4011 etad
1218 3964 1294 4025 aedif.

137 4042 269 4093 Annrva
280 4043 338 4094 Oxf.
353 4042 418 4098 U÷.
518 4047 550 4097 17
567 4047 701 4109 deripimus
713 4045 746 4094 Bl
757 4046 822 4103 Mu,
836 4047 969 4108 diripimus
985 4057 1033 4094 mss
1051 4043 1181 4106 generally
1193 4043 1236 4093 Or.
1248 4045 1295 4095 Ba.

140 4124 199 4175 Soh.
212 4125 254 4187 (of.
266 4127 280 4186 ς
292 4123 358 4190 131).
456 4127 489 4173 22
502 4127 698 4190 praedictaeque
711 4126 770 4175 Asc.
786 4131 863 4188 mov,
882 4127 1094 4190 praedicataeqae
1105 4126 1130 4175 X
1141 4128 1200 4178 Oxf.
1212 4134 1294 4183 3114.

138 4206 171 4254 24
187 4208 284 4256 aceedit
301 4208 336 4255 ad
354 4208 518 4268 concitionem
533 4208 577 4257 Or.
596 4208 643 4257 Be.
662 4208 714 4260 Mu.
737 4208 804 4256 alter
821 4207 896 4269 Dav„
917 4209 1012 4257 accidit
1023 4209 1058 4256 ad
1076 4222 1146 4270 caan.
1164 4208 1295 4268 Pithoeus,

139 4289 234 4351 accipit
248 4288 283 4337 ad
298 4302 369 4349 coen.
380 4286 594 4348 A¹BOEPV¹UH,
606 4291 702 4352 accipit
720 4304 789 4350 acan.
803 4289 843 4351 Al,
857 4293 955 4354 accepit
965 4305 1036 4353 caan.
1048 4297 1093 4351 Lo,
1106 4297 1200 4357 accipit
1216 4296 1248 4343 ab
1264 4294 1297 4342 iis

140 4383 210 4432 coen.
222 4369 262 4432 Vl,
277 4371 370 4433 accipit
381 4371 414 4418 ab
426 4371 465 4419 tis
476 4385 545 4433 capa.
559 4370 617 4420 Oxf.
631 4376 699 4422 MRV
709 4370 767 4420 Asc.
781 4371 849 4430 Sch,
862 4375 958 4435 aceepit
970 4374 1002 4421 ab
1014 4374 1054 4422 tis
1065 4388 1135 4436 σορκ.
1147 4374 1210 4424 Red.
1223 4378 1270 4424 011.
