3016 4966
199 421 240 484 20
579 432 627 480 nn
649 430 792 480 urruns
815 430 969 480 necnon

196 581 248 662 sit,
266 602 384 668 magna
402 578 547 666 quaestio
566 585 624 656 est,
642 599 711 643 esse
734 600 809 643 vero
831 585 953 642 certam
974 584 1009 642 et
1032 576 1201 643 definitam
1222 599 1354 644 necesse

196 691 256 750 est.
302 683 390 747 Nam
405 704 452 758 ea,
467 703 550 766 quae
566 679 700 746 Saturni
719 679 813 744 stella
831 678 951 744 dicitur
968 678 1167 765 spolvorque
1185 702 1205 744 a
1223 678 1355 745 Graecis

196 786 391 864 nominatur,
405 807 488 870 quae
502 807 522 849 a
536 793 622 849 terra
636 784 728 848 abest
743 783 927 868 plurimum,
944 798 1021 847 xxx
1035 783 1102 847 fere
1116 784 1209 848 annis
1224 806 1354 849 cursum

196 913 292 956 suum
307 891 444 970 conficit,
454 891 489 955 in
504 912 569 974 quo
583 911 678 954 cursu
694 889 799 952 multa
813 887 1005 952 mirabiliter
1019 887 1158 953 efficiens
1174 897 1246 953 tum
1261 899 1354 955 ante-

89 1044 92 1051 .
195 994 347 1073 cedendo,
356 1003 427 1059 tum
436 993 637 1071 retardando,
646 1002 718 1058 tum
727 992 918 1077 vespertinis
926 992 1125 1077 temporibus
1133 993 1353 1075 delitiscendo,
1390 1021 1407 1083 5
1453 995 1456 1001 “

196 1106 269 1163 tum
283 1098 453 1164 matutinis
467 1119 594 1162 rursum
613 1120 647 1162 se
666 1097 849 1182 aperiendo,
868 1097 952 1161 nihil
971 1097 1126 1162 immutat
1148 1099 1354 1184 sempiternis

196 1201 373 1266 saeclorum
381 1201 551 1279 aetatibus,
563 1200 643 1286 quin
655 1201 770 1266 eadem
781 1200 884 1265 isdem
895 1200 1095 1286 temporibus
1107 1199 1232 1268 efficiat.
1264 1203 1354 1270 Infra

196 1313 308 1371 autem
333 1306 416 1370 hanc
437 1305 568 1392 propius
590 1328 611 1370 a
631 1312 718 1370 terra
738 1305 832 1370 Jovis
854 1303 948 1369 stella
969 1305 1080 1382 fertur,
1102 1327 1186 1391 quae
1213 1305 1354 1375 Φαέθων

196 1414 323 1493 dicitur,
345 1436 447 1499 eaque
470 1413 610 1478 eundem
632 1429 687 1476 x11
708 1412 874 1498 signorum
896 1409 1007 1475 orbem
1029 1411 1122 1475 annis
1145 1428 1199 1476 x11
1225 1412 1354 1477 conficit

147 1529 184 1589 53
197 1520 396 1606 easdemque,
412 1542 492 1605 quas
507 1519 641 1585 Saturni
656 1519 759 1596 stella,
776 1517 874 1582 efficit
888 1517 921 1581 in
938 1539 1032 1582 cursu
1048 1517 1227 1582 varietates.
1265 1517 1354 1584 Huic
1371 1532 1409 1584 10‘

196 1631 308 1688 autem
331 1622 513 1707 proximum
533 1621 717 1686 inferiorem
736 1619 845 1685 orbem
865 1626 956 1684 tenet
975 1619 1125 1706 Πυρόεις,
1152 1643 1236 1706 quae
1260 1622 1355 1686 stella

198 1726 312 1790 Martis
323 1725 511 1810 appellatur,
521 1746 623 1810 eaque
636 1741 693 1789 1111
709 1733 742 1788 et
758 1741 809 1787 xx
824 1723 989 1788 mensibus
1004 1740 1051 1801 VI,
1060 1732 1098 1788 ut
1110 1724 1230 1809 opinor,
1240 1724 1355 1790 diebus

196 1828 304 1892 minus
320 1827 460 1892 eundem
475 1829 591 1892 lustrat
607 1829 725 1904 orbem,
736 1849 833 1913 quem
845 1827 929 1892 duae
938 1827 1124 1912 superiores.
1170 1829 1260 1893 Infra
1271 1829 1355 1895 hano

197 1939 308 1996 autem
330 1929 424 1995 stella
445 1929 598 1995 Mercurii
621 1938 695 2010 est;
719 1953 757 1995 ea
783 1929 943 2010 Στίλβων
965 1931 1189 2015 appellatura
1211 1929 1356 2015 Graecis3

197 2054 281 2117 quae
296 2055 381 2097 anno
400 2032 467 2098 fere
486 2041 632 2098 vertente
651 2033 841 2119 signiferum
859 2034 977 2098 lustrat
997 2033 1107 2098 orbem
1126 2056 1232 2121 neque
1252 2058 1272 2100 a
1289 2037 1355 2103 sole
1373 2063 1409 2125 15

197 2136 325 2222 longius
338 2158 495 2220 umquam
509 2137 606 2200 unius
621 2137 706 2222 signi
721 2137 891 2202 intervallo
906 2137 1043 2202 discedit
1055 2146 1127 2202 tum
1140 2147 1355 2222 antevertens,

198 2250 271 2307 tum
306 2240 515 2325 subsequens.
576 2240 695 2305 Infima
724 2248 774 2305 cst
803 2241 948 2326 quinque
978 2242 1155 2306 errantium
1185 2251 1354 2330 terraeque

197 2346 344 2432 proxima
365 2346 460 2410 stella
477 2345 620 2424 Veneris,
641 2368 724 2432 quae
744 2342 930 2432 Φωσφόρος
949 2345 1077 2423 Graece,
1094 2347 1221 2412 Lucifer
1236 2347 1355 2414 Latine

197 2452 324 2528 dicitur,
340 2473 413 2515 cum
429 2449 650 2536 antegreditur
665 2450 773 2526 solem,
790 2471 863 2514 cum
879 2450 1086 2534 subsequitur
1100 2448 1355 2528 autem,“llcrre-

197 2579 273 2645 pos;
300 2577 339 2619 ea
357 2576 486 2619 cursum
505 2576 590 2618 anno
609 2553 738 2618 conficit
757 2561 791 2617 et
813 2552 1021 2617 latitudinem
1046 2554 1185 2619 lustrans
1210 2554 1355 2641 signiferi
1370 2587 1410 2626 20

198 2662 283 2727 orbis
308 2668 343 2726 et-
365 2659 613 2745 longitudinem,·
638 2659 725 2745 quod
755 2659 842 2723 idem
872 2659 996 2723 faciunt
1025 2659 1137 2724 stellae
1166 2661 1354 2746 superiores,

197 2786 304 2850 neque
316 2785 471 2847 umquam
486 2764 527 2826 ab
543 2764 608 2827 sole
622 2763 760 2827 duorum
776 2763 940 2848 signorum
958 2763 1128 2828 intervallo
1146 2763 1273 2849 longius
1291 2765 1355 2830 dis-

148 2877 186 2938 54
198 2869 285 2934 cedit
298 2877 371 2933 tum
385 2867 586 2948 antecedens,
601 2874 675 2930 tum
693 2868 898 2953 subsequens.
944 2867 1035 2934 XXI.
1080 2867 1175 2932 Hanc
1197 2869 1298 2954 igitur
1320 2870 1355 2935 in

198 2973 300 3042 stellis
325 2970 547 3047 constantiam,
573 2970 655 3034 hanc
681 2979 807 3035 tantam
833 2979 902 3035 tam
924 2971 1021 3036 variis
1043 2971 1187 3035 cursibus
1209 2971 1244 3036 in
1266 2975 1355 3038 omni

199 3075 393 3144 aeternitate
420 3073 677 3139 convenientiam
701 3083 884 3167 temporum
912 3098 977 3139 non
1007 3097 1137 3160 possum
1166 3075 1355 3162 intellegere
1371 3106 1407 3167 ²5

199 3182 269 3246 sine
293 3185 412 3256 mente,
437 3175 572 3254 ratione,
596 3177 736 3241 consilio.
784 3177 876 3256 Quae
906 3200 980 3242 cum
1006 3179 1041 3242 in
1060 3177 1224 3243 'sideribus
1249 3179 1382 3246 inesse.

199 3284 374 3358 videamus,
388 3303 450 3345 non
467 3302 635 3365 possumus
647 3304 686 3347 ea
700 3283 770 3367 ipsa
781 3304 845 3346 non
856 3283 891 3346 in
902 3282 1036 3347 deorum
1048 3306 1182 3349 numero
1193 3306 1354 3370 reponere.

200 3386 271 3451 Nec
286 3405 361 3448 vero
376 3405 433 3449 eae
453 3382 574 3460 stellae,
593 3406 676 3468 quae
698 3384 876 3450 inerrantes
898 3394 1060 3463 vocantur,
1085 3408 1149 3451 non
1172 3387 1356 3472 significant

200 3488 337 3555 eandem
351 3495 496 3552 mentem
511 3495 610 3571 atque
631 3488 838 3573 prudentiam
848 3512 856 3568 ;
875 3510 1012 3572 quarum
1034 3497 1083 3553 est
1105 3489 1266 3554 cotidiana
1280 3512 1356 3555 con·
1382 3524 1385 3530 ·

103 3673 107 3682 ·
201 3589 334 3654 veniens
367 3598 580 3674 constansque
615 3590 784 3668 conversio,
814 3613 873 3654 nec
905 3591 1028 3656 habent
1056 3592 1215 3657 aetherios
1245 3617 1357 3662 cursus
1372 3627 1418 3684 3οΙ

201 3713 307 3776 neque
336 3690 422 3755 caelo
449 3692 662 3769 inhaerentes,
688 3699 726 3756 ut
748 3693 894 3778 plerique
916 3693 1029 3758 dicunt
1051 3696 1201 3780 physicae
1223 3698 1357 3764 rationis

202 3793 313 3880 ignari.
359 3795 434 3859 Non
450 3805 499 3861 est
514 3795 601 3860 enim
616 3795 756 3861 aetheris
777 3820 816 3861 ea
834 3805 958 3873 natura,
974 3806 1012 3862 ut
1027 3801 1060 3863 vi
1075 3822 1133 3863 sua
1147 3801 1256 3866 stellas
1270 3825 1356 3868 com-

201 3898 297 3986 plexa
311 3906 540 3984 contorqueat3
564 3921 640 3963 nam
655 3900 762 3964 tenuis
777 3922 814 3964 ac
829 3900 997 3984 perlucens
1012 3910 1046 3965 et
1067 3905 1230 3987 aequabili
1252 3889 1364 3974 calore

251 4095 266 4142 2
283 4094 390 4143 Saturni
408 4094 442 4157 by
460 4110 523 4147 corr.
547 4096 593 4146 BV
612 4097 667 4146 also
686 4097 744 4146 Oxr'.
764 4098 820 4146 HM
837 4097 936 4156 loce,
955 4099 1072 4148 Saturnis
1090 4100 1120 4158 A,
1140 4103 1264 4152 Saturnia
1284 4104 1358 4157 OEB.

202 4179 352 4238 Φαίνωνᾳιω,
363 4175 416 4225 this
428 4176 480 4226 and
490 4177 535 4228 the
546 4178 676 4240 following
687 4179 772 4229 Greek
782 4193 872 4229 names
883 4194 927 4229 are
938 4179 1012 4240 given
1027 4179 1055 4228 in
1069 4182 1149 4230 Latin
1160 4184 1248 4233 letters
1259 4184 1287 4232 in
1299 4201 1358 4238 usa.

204 4259 236 4310 19
247 4257 375 4321 Ἕσπερος,
389 4259 515 4322 Hesperus
526 4259 622 4309 Heind.
634 4260 719 4321 Allen,
735 4262 827 4323 Vesper
836 4261 939 4317 Latiae,
951 4261 1044 4310 Graece
1054 4260 1174 4327 Ἕσπερος
1184 4265 1250 4328 conj.
1261 4266 1358 4319 Heind.
1371 4247 1381 4264 ⁸

204 4356 230 4406 p.
241 4353 299 4389 xm.
408 4341 440 4390 27
453 4340 752 4403 portereap.Lact.115.
808 4387 809 4391 ,
856 4341 887 4389 31
904 4343 1060 4391 inhaerentes
1071 4352 1130 4394 auat
1140 4346 1206 4408 conj.
1222 4346 1358 4400 Swainson

205 4422 261 4487 (the
272 4419 396 4472 omission
407 4421 484 4484 being
494 4420 542 4472 due
553 4425 581 4471 to
591 4438 603 4471 e
614 4422 729 4473 followed
739 4423 773 4487 by
783 4425 831 4489 ut).
