3016 4966
111 481 113 486 .
204 431 245 495 62
589 443 800 493 unaarum
821 443 977 494 aaaron.

134 598 189 657 160
202 597 287 654 sunt.
332 589 395 655 Sus
420 588 598 675 veroquid
624 588 723 653 habet
746 594 875 672 praeter
904 591 1035 651 escami
1065 586 1118 651 cui
1147 586 1289 672 quidem,
1318 610 1361 652 ne

201 701 392 777 putesceret,
407 692 549 756 animam
565 691 669 776 ipsam
684 712 741 774 pro
757 690 822 753 sale
838 689 948 753 datam
964 689 1044 753 dicit
1062 711 1130 753 esse
1146 688 1361 775 Chrysippum

202 819 267 881 qua
293 796 423 881 pecude,
454 796 540 881 quod
571 803 641 859 erat
669 795 710 858 ad
739 793 935 858 vescendum
961 792 1147 859 hominibus
1173 802 1258 879 apta,
1278 794 1361 858 nihil

201 901 316 985 genuit
339 907 456 963 natura
484 897 661 962 secundine.
706 896 794 977 Quid
825 897 1071 962 multitudinem
1101 898 1361 985 suavitatemque

201 1002 338 1088 piscium
350 1002 473 1068 dicam?
491 1001 570 1087 quid
582 1001 710 1064 avium?
731 1021 771 1064 ex
782 999 900 1084 quibus
911 1008 1004 1064 tanta
1014 1001 1192 1086 percipitur
1201 1003 1360 1088 voluptas,
1396 1028 1412 1089 5

201 1113 240 1169 ut
255 1103 419 1168 interdum
434 1103 575 1188 πρόνοια
589 1110 699 1166 nostra
710 1102 871 1187 Epicurea
885 1101 982 1165 fuisse
994 1102 1288 1190 videatur-atque
1303 1127 1361 1170 eae

201 1231 244 1273 ne
264 1216 457 1292 caperentur
478 1206 610 1291 quidem
631 1206 694 1271 nisi
715 1206 886 1270 hominum
906 1206 1031 1270 ratione
1052 1215 1151 1292 atque
1167 1208 1362 1286 sollertia,-

201 1334 397 1397 quamquam
414 1332 488 1375 aves
503 1311 668 1396 quasdam,
681 1319 715 1375 et
729 1310 822 1375 alites
838 1318 872 1375 et
890 1310 1021 1386 oscines,
1040 1319 1078 1375 ut
1100 1312 1201 1376 nostri
1223 1335 1361 1398 augures

201 1413 376 1501 appellant,
406 1436 514 1479 rerum
544 1413 805 1498 augurandarum
835 1435 932 1478 causa
964 1435 1033 1478 esse
1070 1422 1162 1478 natas
1199 1423 1361 1500 putamus.

134 1519 278 1583 16116111
301 1540 376 1583 vero
399 1518 557 1583 immanes
580 1527 613 1582 et
635 1518 718 1582 feras
736 1517 849 1582 beluas
869 1517 1084 1581 nanciscimur
1102 1520 1259 1598 venando,
1275 1527 1313 1583 ut
1329 1527 1414 1586 etro

201 1647 367 1690 vescamur
388 1625 428 1688 iis
451 1633 484 1688 et
507 1645 713 1688 exerceamur
734 1623 769 1686 in
793 1622 938 1687 venando
960 1623 1001 1686 ad
1024 1623 1271 1688 similitudinem
1293 1626 1362 1691 bel-

200 1730 280 1795 licae
296 1730 484 1814 disciplinae
499 1737 533 1793 et
547 1737 680 1793 utamur
698 1728 830 1793 domitis
849 1735 883 1792 et
897 1727 1139 1807 condocefactis,
1156 1736 1194 1792 ut
1209 1729 1360 1814 elephan-

201 1834 252 1911 tis,
267 1834 435 1917 multaque
451 1854 491 1896 ex
506 1853 618 1896 earum
634 1831 817 1916 corporibus
832 1830 976 1895 remedia
991 1831 1110 1895 morbis
1126 1839 1160 1896 et
1173 1832 1361 1898 vulneribus
1412 1867 1415 1871 >

201 1938 375 2014 eliciamus,
395 1939 479 2002 sicut
499 1960 538 2002 ex
560 1937 753 2022 quibusdam
772 1935 927 2021 stirpibus
946 1945 979 2001 et
1000 1936 1117 2014 herbis,
1136 1958 1272 2021 quarum
1294 1938 1360 2002 uti-

201 2044 310 2107 litates
343 2041 514 2127 longinqui
548 2039 702 2126 temporis
732 2061 791 2103 usu
823 2047 857 2103 et
885 2039 1121 2124 periclitatione
1150 2041 1360 2125 percepimus.
1377 2062 1411 2123 15

200 2146 316 2210 Totam
338 2145 414 2209 licet
435 2144 553 2209 animis
574 2153 743 2229 tamquam
773 2143 873 2208 oculis
895 2146 1031 2209 lustrare
1053 2151 1172 2209 terram
1195 2147 1361 2232 mariaque

200 2250 326 2331 omnia3
347 2271 457 2314 cernes
478 2249 550 2334 jam
572 2248 678 2333 spatia
701 2247 855 2332 frugifera
874 2256 973 2333 atque
993 2247 1152 2313 immensa
1173 2271 1361 2335 camporum

199 2354 400 2438 vestitusque
416 2352 622 2417 densissimos
637 2349 806 2427 montium,
822 2350 985 2436 pecudum
999 2359 1120 2434 pastus,
1136 2359 1208 2415 tum
1224 2353 1361 2418 incredi-

132 2457 258 2522 rustili
285 2479 395 2522 cursus
421 2457 601 2522 maritimos
624 2455 798 2521 celeritate.
843 2451 913 2518 Nec
934 2475 1009 2518 vero
1032 2476 1130 2539 supra
1151 2463 1279 2533 terram,
1304 2457 1361 2522 sed

200 2561 300 2625 etiam
321 2561 356 2624 in
376 2560 501 2625 intimis
522 2560 592 2644 ejus
610 2557 753 2623 tenebris
771 2556 984 2642 plurimarum
1004 2578 1111 2620 rerum
1126 2557 1208 2623 latet
1223 2558 1359 2638 utilitas,
1375 2585 1413 2624 20

199 2687 282 2750 quae
298 2665 339 2730 ad
354 2687 450 2729 usum
466 2665 635 2729 hominum
652 2671 722 2726 orta
736 2662 778 2726 ab
792 2661 977 2726 hominibus
993 2662 1067 2726 solis
1082 2662 1256 2728 invenitur.

265 2769 365 2834 LXV.
410 2767 497 2831 Illud
512 2789 596 2844 vem,
608 2766 695 2852 quod
710 2775 849 2851 uterque
864 2773 1008 2830 vestrum
1023 2767 1159 2851 arripiet
1171 2768 1304 2833 fortasse
1319 2768 1361 2833 ad

199 2872 510 2957 reprehendendum,
533 2871 639 2948 Cotta,
656 2871 733 2957 quia
755 2870 938 2936 Carneades
958 2870 1099 2936 libenter
1118 2871 1151 2934 in
1172 2872 1295 2938 Stoicos
1311 2874 1361 2937 in-

199 2973 386 3050 vehebatur,
402 2973 557 3050 Velleius,
571 2973 649 3058 quia
664 2973 747 3036 nihil
762 2981 830 3037 tam
846 2972 960 3037 irridet
980 2974 1139 3059 Epicurus
1154 2997 1254 3059 quam
1268 2998 1361 3060 prae-

200 3077 375 3142 dictionem
390 3099 497 3141 rerum
513 3078 704 3154 futurarum,
721 3076 803 3140 mihi
818 3075 946 3140 videtur
957 3077 1009 3140 vel
1020 3077 1160 3142 maxime
1172 3077 1360 3144 confirmare
1374 3098 1411 3160 ²5

199 3178 333 3242 deorum
355 3177 559 3263 providentia
577 3177 700 3242 consuli
719 3177 815 3242 rebus
833 3177 992 3243 humanis.
1039 3166 1098 3244 Est
1116 3181 1203 3245 enim
1219 3183 1360 3267 profecto

200 3282 365 3360 divinatio,
381 3304 466 3367 quae
481 3281 593 3346 multis
608 3281 694 3357 locis,
711 3281 815 3358 rebus,
830 3280 1031 3365 temporibus
1046 3292 1189 3368 apparet,
1206 3307 1280 3349 cum
1298 3286 1358 3370 [in]

132 3400 187 3459 163
199 3385 335 3471 privatis
349 3392 422 3449 tum
437 3384 578 3448 maxime
590 3383 738 3468 publicio.
783 3383 891 3447 Multa
901 3391 1038 3447 cernunt
1049 3384 1243 3471 haruspices,
1255 3390 1362 3454 multa

200 3511 338 3574 augures
364 3488 543 3574 provident,
567 3487 673 3551 multa
699 3486 811 3551 oraclis
835 3486 1047 3563 declarantur,
1074 3489 1179 3553 multa
1202 3491 1359 3556 vaticina-

199 3592 352 3669 tionibus
366 3591 470 3655 multa
485 3590 626 3667 somniis
643 3589 748 3653 multa
764 3589 931 3674 portentis,
948 3589 1066 3672 quibus
1084 3591 1221 3677 cognitis
1235 3595 1359 3659 multae
1373 3624 1411 3681 30

201 3718 296 3781 saepe
321 3718 371 3760 res
396 3717 433 3761 aa
457 3695 625 3758 hominum
652 3694 815 3758 sententia
834 3702 932 3779 atque
953 3693 1095 3758 utilitate
1112 3705 1233 3781 partae,
1255 3699 1361 3764 multa

250 3847 265 3896 6
282 3844 382 3909 πρόνοια
399 3845 442 3895 Or.
454 3845 510 3903 Ba,
524 3860 635 3908 prumea
652 3859 701 3894 1111
719 3843 779 3894 Soh.
791 3844 845 3894 Mu.
945 3845 977 3893 14
994 3847 1124 3896 eliciamus
1140 3853 1162 3898 r
1176 3848 1240 3898 Red.
1253 3849 1295 3901 Or.
1309 3850 1357 3902 Ba.

201 3925 261 3977 Sch.
277 3926 342 3975 after
357 3925 462 3986 Herna,
481 3928 603 3988 6119611166
617 3940 665 3975 uss
680 3925 810 3987 generally
824 3925 899 3973 Allan
915 3925 991 3974 Klotz
1006 3927 1060 3976 Mu.
1160 3930 1190 3978 15
1203 3932 1360 3993 percepimus

201 4006 267 4056 01111
284 4005 385 4054 Nonius
401 4020 427 4067 p.
445 4008 501 4066 219,
520 4008 671 4068 percipimus
688 4005 781 4054 ABEV
798 4004 856 4053 Oxf.
870 4010 933 4059 11÷.
1035 4008 1067 4054 24
1079 4010 1309 4070 praedictionemO
1326 4011 1360 4074 by

200 4102 264 4136 corr.
276 4090 302 4146 L,
317 4088 532 4147 praedicationem
543 4086 636 4135 ABEV
647 4086 705 4136 Oxi.
720 4090 803 4146 BH÷,
814 4085 847 4134 61.
863 4089 876 4145 5
895 4086 951 4134 153.
1050 4088 1082 4136 26
1095 4092 1260 4150 prouidentia
1276 4092 1299 4141 V
1316 4092 1359 4157 (by

200 4183 264 4219 corr.
275 4169 307 4216 11,
315 4166 463 4230 prudentia)
473 4168 574 4226 11011,
583 4170 724 4230 pauentia
735 4166 934 4217 ΔΒΟΕΡΒΗΟΙ..
970 4165 1048 4230 (Η616
1060 4168 1081 4216 P
1091 4185 1281 4222 recommencss
1292 4173 1360 4224 after

201 4251 257 4312 §68
273 4250 385 4297 Diauam
400 4246 502 4312 6616111.)
600 4249 632 4300 27
649 4249 679 4297 iu
695 4244 814 4296 11116116
830 4245 897 4304 edd,
915 4247 964 4309 [iu]
981 4247 1035 4300 Mu.
1136 4255 1168 4303 26
1181 4255 1292 4315 publicio
1310 4269 1359 4305 uss

201 4328 339 4395 generally,
350 4330 380 4377 ia
391 4329 502 4389 publicis
519 4332 600 4378 molt
618 4327 677 4378 Soh.
696 4327 737 4379 Or.
757 4327 805 4376 Bc.
904 4327 935 4375 31
952 4343 983 4376 ea
1000 4330 1046 4381 GR
1061 4331 1153 4383 Lamb.
1165 4334 1233 4396 edd,
1245 4352 1296 4390 om.
1311 4354 1359 4390 1111

201 4409 339 4477 generally.
436 4410 550 4459 utilitate
562 4421 619 4470 1111,
633 4411 759 4459 utilitates
770 4408 850 4459 Mars.
861 4407 953 4458 Iamb.
966 4407 1025 4462 Soh.
