3016 4966
451 389 515 438 mn.
540 388 567 435 11
589 385 661 435 oar.
685 386 923 434 xxrv-xxvu
944 369 983 454 ξς
1005 366 1141 435 63-67.
1331 367 1371 432 25

286 533 389 589 Vides
409 532 553 589 sublime
573 531 692 599 fusum,
714 529 973 585 immoderatum
993 530 1138 598 aethera,

287 621 343 691 qui
364 624 487 675 terram
506 623 621 674 tenero
642 618 866 689 circumjectu
884 617 1122 689 amplectitur:

286 709 373 764 hunc
392 725 554 763 summum
574 705 696 761 habeto
717 706 839 775 divum,
861 706 950 761 hunc
969 706 1146 777 perhibeto
1165 705 1183 759 J
1188 721 1286 759 ovem

217 829 340 894 XXVI.
387 829 452 892 Aer
470 835 590 905 autern,
606 835 644 891 ut
667 826 768 892 Stoici
789 826 966 912 disputant,
981 826 1171 912 interjectus
1186 825 1273 890 inter
1286 846 1375 888 mare
1389 822 1426 881 66

185 951 202 1012 5
218 941 251 996 et
267 931 392 996 caelum
403 930 426 994 J
429 929 544 993 unonis
559 929 692 994 nomine
704 939 914 1008 consecratur,
923 952 1006 1014 quae
1022 938 1072 994 est
1087 951 1173 994 soror
1188 936 1222 993 et
1236 927 1376 1013 conjunx

216 1036 319 1113 Iovis,
343 1035 428 1120 quod
454 1042 488 1098 et
511 1033 692 1099 similitudo
713 1041 761 1098 est
781 1034 851 1098 ae'rr'
875 1034 1015 1099 aetheris
1038 1042 1071 1098 et
1093 1056 1168 1097 cnm
1189 1055 1227 1098 eo
1250 1054 1377 1097 summa

217 1140 408 1227 conjunctio.
454 1138 694 1204 Effeminarunt
724 1145 835 1202 autem
865 1160 941 1202 eum
970 1137 1159 1222 Iunonique
1181 1136 1375 1211 tribuerunt,

218 1244 305 1330 quod
330 1241 414 1307 nihil
440 1251 490 1307 est
520 1265 558 1307 eo
588 1240 727 1305 mollius.
773 1239 838 1305 Sed
868 1241 1032 1306 Iunonem
1062 1263 1083 1306 a
1106 1241 1253 1326 juvando
1282 1239 1376 1304 credo
1453 1244 1461 1261 “

218 1348 426 1413 nominatam.
471 1346 568 1432 Aqua
590 1344 736 1410 restabat
758 1352 792 1408 et
814 1352 907 1422 terra,
930 1353 969 1409 ut
991 1353 1099 1410 essent
1113 1367 1152 1409 ex
1174 1344 1291 1409 fabulis
1313 1344 1374 1408 tria

168 1476 205 1516 10
218 1476 317 1539 regna
332 1451 442 1516 divisa.
474 1451 598 1515 Datum
614 1459 664 1515 est
679 1449 780 1535 igitur
795 1449 960 1534 Neptuno,
976 1449 1071 1515 alteri
1084 1450 1107 1514 J
1109 1449 1186 1526 ovis,
1201 1456 1240 1513 ut
1254 1448 1375 1526 volunt,

218 1556 317 1634 fiatri,
353 1552 554 1619 maritimum
591 1575 687 1618 omne
721 1574 866 1638 regnum,
897 1574 1080 1637 nomenque
1110 1551 1308 1637 productum,
1338 1558 1377 1615 ut

218 1659 382 1724 Portunus
397 1681 417 1721 a
431 1657 594 1741 pertusio
609 1655 787 1740 Neptunus
801 1679 822 1720 a
843 1655 949 1720 nando
970 1656 1104 1741 paulum
1126 1655 1238 1740 primis
1260 1654 1378 1720 litteris

217 1759 408 1825 immutatis.
453 1759 594 1822 Terrena
613 1767 724 1822 autem
746 1757 795 1821 vis
816 1757 921 1822 omnis
942 1765 1041 1843 atque
1063 1767 1180 1823 natura
1199 1759 1271 1824 Diti
1292 1759 1377 1843 patri

218 1864 367 1929 dedicata
390 1869 448 1940 est,
475 1860 532 1946 qui
558 1860 665 1936 Dives,
693 1867 732 1924 ut
758 1859 844 1944 apud
870 1861 1007 1926 Graecos
1038 1861 1212 1936 Πλούτων,
1243 1862 1321 1946 quia
1344 1870 1378 1926 et

168 1981 204 2042 15
219 1968 367 2032 recidunt
394 1965 505 2029 omnia
530 1964 564 2027 in
591 1973 693 2029 terras
716 1973 750 2029 et
773 1964 921 2028 oriuntur
944 1987 962 2030 e
985 1965 1086 2030 tonis.
1131 1963 1194 2032 Oui
1216 1965 1378 2052 Proserpi-

219 2093 296 2134 nam
311 2079 452 2158 naptam
474 2067 560 2152 quod
583 2068 779 2133 Graecorum
801 2091 919 2134 nomen
942 2078 1009 2150 est;
1041 2093 1080 2136 ea
1102 2071 1189 2136 enim
1212 2079 1271 2149 est,
1294 2094 1379 2158 quae

221 2173 419 2261 Περσεφόνη
435 2173 559 2238 Graece
574 2173 770 2251 nominatur,
785 2196 885 2258 quam
904 2175 1035 2260 frugum
1056 2198 1166 2240 semen
1182 2198 1249 2241 esse
1265 2175 1380 2241 volunt

220 2278 506 2362 absconditamque
530 2277 642 2362 quaeri
666 2299 687 2341 a
711 2286 816 2342 matre
842 2277 977 2362 fingunt.
1022 2278 1129 2344 Mater
1154 2287 1266 2344 autem
1289 2288 1338 2344 est
1360 2278 1430 2350 167

220 2383 371 2469 gerendis
385 2381 532 2467 frugibus
548 2380 645 2446 Ceres
661 2390 829 2467 tamquam
844 2387 852 2414 ‘
865 2382 981 2458 Geres,'
997 2405 1136 2468 casuque
1151 2384 1256 2469 prima
1270 2384 1380 2450 littera

169 2507 207 2546 νο
221 2487 337 2552 itidem
356 2486 540 2565 immutata,
555 2493 594 2549 ut
612 2508 632 2549 a
651 2485 800 2564 Graecis3
822 2508 899 2549 nam
921 2486 963 2551 ab
984 2485 1048 2551 illis
1068 2509 1196 2573 quoque
1220 2487 1380 2578 Δημήτηρ

222 2601 315 2687 quasi
330 2598 488 2686 Γηρήτηρ
503 2598 674 2663 nominata
687 2605 745 2663 est.
788 2598 811 2662 J
813 2619 866 2661 am
881 2597 938 2684 qui
954 2621 1072 2685 magna
1083 2608 1230 2678 verteret,
1242 2601 1379 2681 Mavors,

222 2706 370 2771 Minerva
393 2711 512 2782 autern,
539 2724 622 2788 quae
652 2702 704 2766 vel
732 2701 895 2767 minueret
924 2703 977 2767 vel
1003 2703 1191 2769 minaretur.
1236 2705 1378 2771 XXVII.

223 2811 371 2896 Cumque
394 2810 429 2874 in
454 2808 604 2874 omnibus
626 2808 722 2872 rebus
748 2807 815 2872 vim
841 2807 1000 2873 haberent
1023 2809 1198 2875 maximam
1221 2812 1326 2896 prima
1346 2819 1381 2876 et

223 2925 376 2992 extrema,
391 2913 570 2999 principem
589 2912 624 2976 in
643 2910 848 2976 sacrificando
869 2913 992 2977 Janum
1011 2935 1079 2978 esse
1099 2914 1277 2992 voluerunt,
1293 2915 1379 3001 quod

170 3033 207 3094 25
223 3020 264 3083 ab
279 3017 385 3083 eundo
400 3039 518 3081 nomen
534 3023 585 3081 est
600 3015 743 3093 ductum,
759 3036 799 3079 ex
822 3037 886 3100 quo
907 3016 1115 3082 transitiones
1133 3019 1262 3103 perviae
1279 3018 1379 3104 ‘jani'

222 3122 369 3207 foresque
384 3122 419 3186 in
433 3120 603 3185 liminibus
617 3121 822 3205 profanarum
838 3120 968 3185 aedium
990 3121 1142 3207 ‘januae’
1164 3123 1379 3189 nominantur.

224 3225 312 3290 Nam
326 3225 448 3289 Vestae
462 3245 582 3288 nomen
597 3245 617 3286 a
632 3221 784 3303 Graecis3
806 3244 845 3287 ea
856 3230 906 3287 est
921 3222 1017 3301 enim,
1029 3246 1112 3309 quae
1126 3225 1169 3290 ab
1183 3226 1247 3291 illis
1260 3225 1381 3292 Ἑστία
1415 3231 1416 3235 ’

224 3395 289 3443 verti
300 3395 366 3443 enim
378 3391 510 3460 (omitting
522 3390 576 3458 boc)
588 3391 671 3441 Allan.
770 3392 785 3442 6
802 3393 868 3454 qma
879 3399 904 3442 11
915 3406 972 3451 rrae,
985 3393 1051 3456 qaod
1062 3396 1086 3444 ei
1094 3393 1169 3446 Prob.
1185 3393 1223 3462 (in
1233 3398 1296 3448 Bac.
1310 3410 1336 3459 p.
1349 3397 1381 3446 12

225 3475 291 3538 Keil)
310 3472 376 3535 edd.'‚
393 3478 500 3540 quadri
517 3483 541 3525 et
558 3474 653 3525 Heind.
753 3477 808 3525 atri
827 3477 936 3525 aetheria
953 3476 1011 3535 Ed.¹
1029 3479 1138 3527 aetheria
1158 3492 1207 3528 usa
1226 3478 1293 3536 edd„
1313 3481 1381 3529 aeria

224 3557 299 3609 Proh.
313 3572 356 3607 aee
372 3558 473 3607 (lomm.
573 3557 605 3607 10
620 3555 794 3607 cremamur
809 3556 910 3618 Iramb„
924 3559 1030 3606 alteram
1042 3556 1211 3623 (assimilated
1227 3561 1254 3609 to
1269 3563 1380 3625 reprom)

224 3639 385 3704 A1Bcnv1a,
403 3643 481 3690 altero
499 3639 554 3690 ΡΨ
572 3640 630 3691 Oxi.
650 3634 856 3694 o1an1÷Heind.
877 3639 938 3691 Son.
1037 3642 1068 3690 12
1081 3649 1158 3705 porto
1175 3642 1291 3703 ΡΒῚΟἪ,
1304 3652 1382 3709 porta

224 3720 378 3772 Anvss101a
396 3722 497 3775 oxf.÷.
608 3722 639 3770 14
656 3723 773 3772 Πλούτων
793 3721 860 3781 eda,
879 3724 973 3772 Pluton
990 3737 1049 3772 uss.
1161 3725 1192 3774 15
1208 3728 1323 3777 recidant
1340 3727 1381 3778 Ao

225 3804 297 3856 Ptob.
304 3841 310 3863 ,
318 3806 433 3854 recidam
443 3817 492 3854 use
503 3803 640 3866 generally.
739 3806 856 3854 amantio
866 3818 914 3853 uss
924 3805 1062 3867 generally,
1076 3808 1213 3857 amantium
1224 3808 1256 3867 E,
1266 3812 1382 3862 oriantur

224 3885 412 3942 Aao.÷Heind.
435 3886 520 3935 Allan.
684 3887 725 3935 coi
744 3887 922 3950 Proserpinam
940 3894 1044 3950 nuptam
1063 3888 1122 3947 Ed„
1142 3892 1184 3940 cui
1205 3892 1382 3956 Proserpinam

203 3973 210 3984 '
225 3969 422 4031 ABEvauor,
436 3972 479 4019 cai
489 3971 642 4033 Proserpina
654 3968 673 4019 0
686 3969 781 4035 (which
797 3969 876 4019 omits
893 3970 959 4033 qaod
977 3971 1128 4021 Graecorum
1143 3973 1196 4023 and
1212 3989 1249 4023 ea⁴
1258 3978 1324 4025 enim
1334 3980 1380 4040 eat)

226 4051 300 4111 Pan,
312 4054 335 4100 ia
351 4054 438 4114 rapuit
453 4053 630 4114 Proserpinam
646 4051 746 4102 Manui.
768 4051 791 4117 (a
807 4050 863 4103 eod.
877 4051 974 4114 Maffei)
993 4052 1099 4113 Herna,
1116 4057 1158 4105 cai
1174 4064 1278 4119 nuptam
1295 4060 1381 4108 dicant

225 4134 401 4197 Proserpinam
412 4133 466 4186 edu
482 4133 537 4196 (the
548 4134 631 4184 worda
642 4143 746 4198 neptam
758 4136 846 4183 dicant
857 4149 901 4184 are
912 4134 994 4184 found
1003 4135 1034 4185 in
1044 4136 1107 4199 Reg.
1120 4137 1172 4187 and
1189 4145 1206 4190 0
1223 4139 1290 4189 alter
1303 4143 1380 4190 nami·

223 4220 302 4266 nator
313 4214 366 4264 and
381 4230 409 4266 so
425 4215 528 4278 printed
544 4215 578 4279 by
588 4216 683 4280 Allan).
718 4217 766 4267 See
782 4217 881 4267 Gomnr
983 4217 1022 4276 17,
1034 4219 1075 4278 20,
1087 4219 1118 4267 21
1135 4219 1285 4285 Περσεφόνη,
1300 4220 1381 4282 Δημή-

225 4318 272 4363 τηρ
288 4298 340 4349 and
357 4298 471 4363 Γημήτηρ
481 4314 525 4349 are
535 4299 638 4349 written
654 4298 683 4348 in
699 4300 779 4350 Iratin
795 4300 824 4349 in
840 4314 897 4351 usa.
999 4303 1030 4354 27
1047 4318 1106 4352 nam
1122 4305 1243 4366 majam
1254 4302 1300 4353 Ba.
1313 4303 1381 4354 after

227 4381 350 4430 W'olfflin.
448 4396 465 4429 a
483 4384 585 4430 Graecia
603 4395 651 4430 uas
666 4381 803 4444 generally,
815 4399 832 4430 a
850 4384 953 4431 Graecia
970 4391 1006 4431 ert
1020 4383 1082 4445 Reg.
1094 4388 1133 4434 no
1143 4383 1235 4432 Lamb.
1249 4383 1308 4432 Sch.
1320 4385 1377 4442 Ba,
