3016 4966
215 424 257 488 32
597 438 644 486 nn
667 435 808 487 mrum
831 436 984 486 onosma

214 585 297 664 fleat,
313 593 469 671 quantam
490 585 559 671 ipse
581 583 744 649 mundusl
787 584 858 648 Aut
880 582 981 668 igitur
1003 580 1084 646 nihil
1107 589 1165 659 est,
1188 568 1274 667 quod
1297 603 1368 646 sen-

213 691 317 757 tiente
346 700 463 757 natura
491 700 630 777 regatur,
668 698 726 755 aut
762 688 922 754 mundum
958 688 1027 774 regi
1057 687 1277 753 confitendum
1311 695 1368 756 est.

163 801 200 861 86
214 796 353 873 Etenim,
370 796 426 881 qui
441 796 579 881 reliquas
593 803 726 860 naturas
741 817 851 860 omnes
867 816 1043 880 earumque
1056 792 1181 859 semina
1195 793 1369 869 contineat,
1393 810 1395 817 ¹

214 900 271 986 qui
293 908 401 985 potest
422 900 491 985 ipse
514 922 578 963 non
601 907 717 964 natura
739 898 979 964 administrari?
1002 905 1048 976 ut,
1071 896 1098 961 si
1121 897 1178 982 qui
1200 896 1314 961 dentes
1335 905 1369 961 et

213 1004 418 1088 pubertatem
440 1011 556 1066 natura
578 1002 665 1067 dicat
687 1002 848 1077 exsistere,
864 1002 971 1088 ipsum
994 1008 1104 1065 autem
1127 999 1300 1076 hominem,
1316 999 1369 1064 cui
1405 1014 1422 1077 5

214 1128 253 1171 ea
267 1106 430 1182 exsistant,
440 1127 505 1169 non
520 1115 664 1170 constare
679 1114 805 1185 natura,
815 1128 879 1170 non
893 1104 1064 1190 intellegat
1079 1125 1125 1181 ea,
1135 1125 1218 1187 quae
1234 1103 1370 1168 efferant

213 1211 336 1296 aliquid
352 1233 391 1276 ex
407 1233 483 1289 sese,
492 1211 695 1297 perfectiores
710 1211 828 1276 habere
843 1218 975 1274 naturas
990 1231 1088 1293 quam
1103 1230 1149 1282 ea,
1166 1230 1248 1293 quae
1264 1229 1305 1272 ex
1318 1207 1369 1272 his

213 1317 398 1382 efferantur.
442 1317 598 1384 XXXIV.
640 1317 796 1382 Omnium
819 1324 930 1381 autem
952 1336 1067 1391 rerum,
1083 1335 1166 1399 quae
1182 1311 1299 1378 natura
1313 1312 1369 1393 ad-

213 1422 444 1500 ministrantur,
460 1423 635 1488 seminator
657 1431 690 1487 et
713 1430 799 1487 sator
820 1430 854 1486 et
877 1442 1001 1507 parens,
1016 1427 1055 1484 ut
1074 1419 1121 1484 ita
1141 1419 1254 1496 dicam,
1270 1429 1370 1503 atque

212 1527 365 1592 educator
380 1536 413 1593 et
428 1527 510 1592 altor
524 1537 573 1593 est
588 1528 737 1606 mundus,
753 1528 924 1612 omniaque
943 1525 1026 1590 sicut
1049 1525 1194 1589 mamhra
1214 1533 1248 1588 et
1262 1532 1370 1608 partes
1386 1536 1424 1575 10

213 1653 287 1695 suas
309 1632 491 1696 nutricatur
513 1639 547 1697 et
569 1632 721 1696 continet.
766 1630 888 1712 Quodsi
910 1629 1025 1694 mundi
1045 1635 1152 1714 partes
1172 1636 1290 1692 natura
1313 1627 1369 1691 ad-

212 1735 446 1812 ministrantur,
461 1757 590 1800 necesse
613 1744 662 1799 est
686 1734 845 1798 mundum
867 1734 975 1818 ipsum
997 1740 1115 1796 natura
1141 1728 1369 1807 administrari,

213 1838 305 1924 cujus
327 1838 460 1924 quidem
482 1837 717 1901 administratio
738 1837 820 1900 nihil
838 1836 938 1900 habet
959 1836 994 1899 in
1017 1857 1059 1913 se,
1076 1835 1161 1919 quod
1177 1833 1370 1919 reprehendi

213 1941 330 2026 possit;
353 1963 394 2004 ex
416 1940 457 2004 iis
483 1941 571 2004 enim
597 1941 730 2018 naturis,
755 1962 838 2025 quae
862 1947 963 2015 erant,
989 1939 1076 2024 quod
1100 1937 1182 2002 effici
1209 1937 1369 2023 optimum

163 2054 201 2114 87
213 2045 328 2131 potuit,
344 2046 494 2109 effectum
510 2055 567 2110 est.
613 2046 736 2110 Doceat
751 2067 825 2130 ergo
841 2044 958 2130 aliquis
973 2043 1117 2128 potuisse
1132 2042 1260 2107 melius
1304 2040 1369 2105 Sed
1388 2051 1423 2113 15
1484 2118 1488 2127 ι

214 2170 309 2213 nemo
333 2171 488 2234 umquam
512 2149 648 2226 docebit,
669 2157 703 2213 et
725 2148 752 2212 si
774 2148 846 2233 quis
869 2147 1025 2232 corrigere
1048 2145 1170 2230 ahquid
1193 2145 1288 2221 volet,
1312 2151 1371 2208 aut
1410 2198 1413 2204 .

214 2253 355 2318 deterius
384 2255 481 2319 faciet
510 2264 567 2319 aut
597 2254 639 2331 id,
669 2254 755 2340 quod
785 2253 855 2318 fieri
890 2276 955 2316 non
985 2251 1136 2337 potuerit,
1165 2249 1369 2320 desiderabit.

214 2360 337 2441 Quodsi
360 2383 471 2425 omnes
492 2360 606 2425 mundi
625 2368 732 2446 partes
753 2360 800 2424 ita
821 2359 1018 2424 constitutae
1040 2364 1124 2434 sunt,
1147 2365 1185 2420 ut
1205 2354 1370 2440 nequead

215 2486 310 2528 usum
340 2464 487 2529 meliores
516 2465 681 2549 potuerint
710 2486 778 2528 esse
803 2485 909 2548 neque
936 2463 977 2527 ad
1001 2461 1139 2547 speciem
1162 2458 1369 2544 pulchriores,

216 2564 390 2642 videamus,
407 2576 517 2630 utrum
540 2589 579 2631 ea
600 2567 775 2631 fortuitane
798 2567 864 2631 sint
879 2589 923 2630 an
944 2589 982 2631 eo
1003 2572 1099 2640 statu,
1116 2586 1180 2649 quo
1201 2562 1369 2628 cohaerere
1386 2575 1426 2616 20

215 2668 304 2732 nullo
334 2669 428 2733 modo
459 2671 622 2754 potuerint
651 2671 714 2734 nisi
744 2693 840 2736 sensu
869 2671 1057 2734 moderante
1088 2667 1262 2753 divinaque
1297 2688 1370 2751 pro-

216 2769 367 2835 videntia.
414 2770 575 2858 Siigitur
598 2773 730 2837 meliora
756 2782 833 2837 sunt
859 2795 904 2848 ea,
932 2793 1014 2855 quae
1036 2778 1162 2846 natura,
1185 2791 1284 2854 quam
1305 2769 1370 2846 illa,

101 2919 109 2943 t
217 2894 300 2957 quae
323 2880 391 2937 arte
414 2876 555 2958 perfecta
577 2884 661 2954 sunt,
678 2899 737 2941 nec
759 2900 810 2943 ars
832 2876 929 2940 efficit
948 2876 1120 2961 quicquam
1144 2873 1212 2938 sine
1233 2872 1369 2950 ratione,

119 3010 121 3017 ⁴
217 2997 258 3039 ne
289 2983 407 3039 natura
432 2976 564 3060 quidem
587 2979 722 3042 rationis
752 3001 863 3064 expers
893 2987 942 3043 est
971 2978 1128 3042 habenda.
1174 2976 1240 3057 Qui
1270 2975 1392 3061 igitur·

217 3079 375 3155 convenit,
391 3080 518 3164 signum
540 3086 597 3147 aut
620 3083 764 3146 tabulam
786 3085 907 3168 pictam
928 3104 1002 3146 cum
1022 3081 1191 3165 aspexeris,
1214 3079 1292 3143 scire
1315 3079 1371 3143 ad·
1386 3093 1423 3154 25

217 3184 356 3248 hihitam
372 3205 440 3247 esse
462 3192 574 3263 artem,
591 3207 729 3270 cumque
752 3184 862 3270 procul
882 3207 1011 3248 cursum
1027 3184 1148 3269 navigii
1165 3183 1290 3262 videris,
1305 3205 1370 3246 non
1426 3173 1428 3176 ⁵

202 3279 374 3365 dubitare,
386 3288 464 3373 quin
479 3288 513 3352 id
528 3289 651 3354 ratione
666 3298 764 3373 atque
780 3297 848 3353 arte
864 3296 1040 3365 moveatur,
1050 3297 1116 3365 aut,
1129 3309 1202 3352 cum
1218 3287 1371 3351 solarium

217 3393 269 3458 vel
291 3391 482 3477 discriptum
503 3393 556 3457 vel
578 3415 619 3456 ex
641 3414 727 3477 aqua
752 3392 977 3476 contemplere,
1004 3390 1193 3476 intellegere
1217 3390 1371 3455 declarari

266 3610 281 3660 6
298 3611 403 3672 efferant
415 3609 485 3667 Sch,
498 3611 610 3673 ecferant
621 3614 638 3659 c
650 3609 693 3659 Or.
706 3609 751 3659 Ba.
767 3609 831 3666 Mu,
843 3613 868 3657 et
879 3607 968 3670 ferant
979 3602 1049 3662 Aes,
1063 3605 1122 3652 haec
1132 3605 1203 3666 serat
1214 3605 1305 3653 mour
1319 3602 1371 3652 and

218 3690 261 3754 (by
272 3707 336 3742 corr,
349 3691 380 3740 fr.
388 3693 486 3754 serant)
498 3691 528 3752 B,
543 3692 681 3755 hecferunt
691 3690 723 3749 E,
740 3705 767 3739 eo
774 3692 862 3752 serant
873 3687 904 3748 V,
922 3701 967 3735 aec
974 3688 1063 3748 ferant
1077 3689 1104 3735 Μ
1115 3683 1174 3733 Oxf.
1269 3685 1283 3734 7
1300 3684 1372 3733 After

157 3818 161 3827 .
217 3776 318 3837 aliquid
331 3775 360 3823 in
374 3774 532 3824 ABcuvur
544 3775 601 3826 oxf.
615 3775 683 3823 Mus.
696 3774 781 3822 follow
796 3773 909 3834 5156t0
924 3770 975 3820 end
992 3771 1019 3820 ol
1033 3770 1100 3819 book
1113 3769 1242 3835 (lumitate
1249 3769 1372 3832 fundit-

216 3855 352 3912 simularet,
365 3868 407 3903 see
418 3869 452 3903 on
463 3858 477 3916 5
489 3855 528 3903 16.
600 3870 631 3904 aa
642 3869 693 3903 sese
704 3855 947 3917 perfectiores-oon
961 3853 1031 3900 modo
1039 3853 1110 3900 'nihil
1120 3857 1214 3907 nocent,
1226 3852 1253 3910 55
1265 3850 1369 3910 86-92,

217 3935 331 3997 wanting
347 3935 375 3983 in
386 3935 417 3984 V.
484 3938 523 3986 his
539 3937 626 3988 XBNR
643 3936 764 4002 (fortasse
780 3943 845 3986 recte
862 3935 939 3999 Mu),
951 3937 985 3984 tis
1002 3935 1058 3985 edd.
1128 3937 1143 3983 8
1160 3936 1296 3996 efferuntur
1312 3946 1370 3995 uss,

217 4020 359 4081 ecferantur
375 4017 417 4067 Or.
431 4016 478 4066 Ba.
490 4018 545 4067 Mu.
644 4019 675 4067 11
692 4020 835 4068 nutricatur
852 4031 908 4078 uss,
927 4019 1041 4066 turmot
1059 4016 1083 4066 G
1099 4016 1194 4066 Heind.
1211 4030 1252 4064 see
1269 4014 1368 4066 Oomm.

218 4099 249 4147 14
266 4101 299 4147 iis
311 4096 378 4155 edd,
389 4099 426 4146 hta
438 4098 521 4152 XB÷.
623 4101 653 4150 17
666 4102 749 4163 faciet
760 4103 825 4149 BHO
836 4099 902 4160 Asa,
913 4099 981 4161 facit
992 4098 1120 4149 Aoum
1132 4097 1188 4147 uxr.
1289 4097 1371 4146 oonB

218 4193 343 4241 aupersor.
355 4177 413 4226 Oxf.
422 4182 448 4227 Μ
459 4179 526 4237 Asa,
536 4194 588 4229 om.
600 4181 750 4234 Aoum.
845 4182 958 4242 potuerit
970 4179 1064 4242 [X]BH,
1073 4181 1160 4242 potuit
1170 4178 1301 4229 MOORVU
1314 4177 1371 4226 Oxl.

217 4260 277 4309 Asc.
375 4259 406 4308 27
426 4267 472 4307 cut
489 4274 544 4309 cum
559 4260 624 4310 ABG
642 4263 709 4320 Asc,
727 4269 755 4310 ut
772 4277 827 4311 com
843 4260 875 4322 E,
894 4268 990 4310 etcum
1006 4260 1109 4309 Wallrer
1127 4258 1187 4310 Soh.
1284 4261 1317 4308 28
1333 4261 1373 4308 vel

219 4345 366 4406 discriptam
382 4343 423 4391 vel
442 4342 486 4391 Or.
506 4343 552 4392 Ba.
572 4345 625 4397 Mu.
647 4346 680 4395 cf.
699 4345 822 4409 Nipperd.
844 4345 889 4407 Op.
906 4359 932 4408 p.
950 4346 1007 4403 278,
1025 4347 1065 4394 vet
1087 4345 1236 4407 descriptum
1258 4350 1303 4392 out
1324 4355 1373 4390 uss

219 4425 357 4490 generally,
369 4432 415 4474 cut
426 4426 575 4488 descriptum
586 4434 631 4476 aut
641 4433 690 4490 ΝΟ,
704 4444 729 4477 a.
741 4431 888 4491 discriptum
899 4445 922 4478 a.
939 4427 998 4478 Soh.
1013 4427 1055 4492 (cl.
1067 4428 1120 4477 126
1131 4430 1177 4488 n).
