3016 4966
263 405 305 467 18
647 414 694 462 na
716 413 858 462 aarum
880 412 1034 462 uacuum

260 588 408 653 quaeque
419 565 502 631 nihil
517 564 701 650 asperitatis
715 564 843 641 habere,
852 562 936 627 nihil
947 562 1132 628 offensionis
1147 568 1263 646 potest,
1274 561 1357 626 nihil
1369 561 1418 626 in-

260 670 363 734 cisum
378 668 514 754 angulis
528 667 613 731 nihil
627 666 834 744 anfractibus,
847 666 929 730 nihil
944 665 1099 741 eminens,
1114 664 1197 728 nihil
1211 664 1419 729 lacunosum?

260 798 399 860 cumque
426 776 509 840 duae
534 774 657 839 formae
682 774 977 859 praestantissimae
1003 773 1076 848 sint,
1103 793 1143 835 ex
1169 770 1279 835 solidis
1304 771 1419 856 globus

262 879 320 964 (sic
336 879 424 943 enim
439 882 587 964 σφαῖραν
601 876 806 961 interpretari
826 874 954 961 placet),
969 897 1009 938 ex
1027 873 1132 959 planis
1152 882 1263 937 autem
1281 871 1419 936 circulus

261 989 320 1046 aut
334 981 429 1061 orbis,
445 982 502 1067 qui
517 980 637 1050 κύκλος
653 979 774 1046 Graece
789 980 917 1057 dicitur,
928 979 980 1043 his
995 979 1120 1043 duabus
1134 978 1245 1043 formis
1259 977 1419 1062 contingit
1453 994 1470 1056 5

262 1087 345 1165 solis,
356 1096 396 1152 ut
406 1109 517 1152 omnes
532 1109 643 1152 earum
659 1093 767 1172 partes
782 1086 849 1150 sint
864 1085 950 1151 inter
965 1107 999 1149 se
1014 1082 1198 1149 simillimae
1213 1105 1233 1146 a
1247 1081 1418 1166 medioque

260 1191 450 1256 tantundem
465 1191 604 1276 audique
632 1190 718 1254 absit
740 1198 930 1266 extremum,
950 1210 1015 1274 quo
1035 1188 1118 1252 nihil
1138 1187 1208 1252 fieri
1231 1194 1339 1272 potest
1361 1208 1417 1271 ap·

209 1297 248 1357 48
260 1295 334 1361 tius.
378 1294 445 1360 Sed
467 1294 494 1358 si
513 1295 591 1359 haec
611 1317 676 1358 non
693 1293 821 1372 videtis,
836 1293 913 1378 quia
935 1314 1115 1377 numquam
1137 1291 1301 1355 eruditum
1323 1290 1418 1354 illum

259 1398 427 1483 pulverem
451 1397 615 1482 attigistis,
629 1419 670 1461 ne
688 1397 750 1460 hoc
767 1396 899 1480 quidem
915 1394 1040 1480 physici
1054 1394 1243 1479 intellegere
1258 1393 1418 1479 potuistis

259 1501 343 1566 hanc
375 1501 642 1586 aequabilitatem
671 1507 778 1564 motus
808 1498 1087 1583 constantiamque
1113 1497 1262 1561 ordinum
1290 1497 1326 1561 in
1355 1496 1419 1561 alia
1435 1518 1472 1559 10

259 1604 363 1689 figura
375 1625 441 1667 non
455 1602 597 1688 potuisse
613 1602 748 1666 servarit
782 1603 898 1687 Itaque
914 1601 997 1664 nihil
1010 1607 1118 1686 potest
1132 1600 1303 1677 indoctius,
1319 1621 1418 1684 quam

259 1707 345 1791 quod
365 1730 385 1771 a
407 1705 497 1770 vobis
517 1705 668 1770 affirmari
691 1704 780 1770 solet.
825 1706 897 1770 Nec
915 1704 1003 1768 enim
1022 1704 1110 1769 hune
1131 1704 1238 1790 ipsum
1257 1703 1418 1767 mundum

259 1832 317 1894 pro
341 1816 428 1874 certo
451 1808 630 1873 rotundum
656 1828 725 1872 esse
748 1807 873 1888 dicitis3
904 1830 981 1872 nam
1005 1830 1097 1893 posse
1123 1807 1200 1884 fieri,
1223 1816 1263 1872 ut
1288 1808 1331 1873 sit
1355 1807 1419 1873 alia

209 1911 246 1970 49
259 1911 372 1997 figura,
393 1912 711 1996 innumerabilesque
730 1911 868 1976 mundos
890 1911 969 1977 alios
987 1912 1124 1976 aliarum
1143 1933 1212 1976 esse
1234 1912 1417 1978 formarum.

260 2012 360 2091 Quae,
386 2013 423 2092 si,
448 2013 497 2077 bis
520 2013 598 2079 bina
622 2021 701 2099 quot
727 2022 842 2091 essent,
865 2014 1029 2079 didicisset
1053 2015 1219 2100 Epiruma,
1243 2023 1329 2079 certe
1352 2037 1418 2080 non
1435 2037 1470 2099 15

259 2115 379 2179 diceret
391 2139 400 2195 ;
430 2116 487 2179 sed
511 2115 591 2180 dum
613 2117 732 2202 palato,
764 2116 844 2203 quid
874 2117 916 2181 sit
947 2117 1117 2201 optimum,
1140 2118 1274 2203 judicat,
1305 2117 1418 2182 ‘caeli

259 2219 390 2304 palatu
396 2217 445 2298 m‚’
457 2229 497 2284 ut
505 2219 552 2284 ait
564 2221 697 2299 Ennius,
707 2243 772 2285 non
786 2221 940 2306 suspexit.
974 2221 1065 2286 XIX.
1097 2221 1185 2285 Nam
1197 2243 1270 2285 cum
1280 2222 1343 2285 duo
1353 2219 1419 2285 sint

258 2348 377 2411 genera
400 2325 550 2404 siderum,
569 2349 707 2411 quorum
725 2327 863 2391 alterum
884 2327 996 2411 spatiis
1014 2326 1273 2391 immutabilibus
1287 2327 1328 2391 ab
1344 2336 1417 2392 ortu

258 2432 300 2496 ad
324 2454 470 2496 occasum
496 2455 679 2498 commeans
705 2433 832 2497 nullum
857 2455 1014 2518 umquam
1040 2454 1150 2496 cursus
1173 2431 1223 2496 sui
1242 2431 1417 2517 vestigium

259 2533 413 2614 inflectat,
444 2535 583 2600 alterum
616 2544 728 2601 autem
757 2535 926 2600 continuas
956 2534 1176 2600 conversiones
1205 2534 1286 2598 duas
1314 2533 1418 2597 isdem
1434 2562 1492 2601 20·

259 2636 372 2720 spatiis
394 2636 603 2722 cursibusque
629 2638 784 2714 conficiat,
809 2660 849 2701 ex
875 2645 1013 2722 utraque
1037 2660 1071 2702 re
1096 2645 1130 2702 et
1155 2636 1269 2701 mundi
1292 2636 1417 2701 volubi-

258 2739 343 2818 litas,
359 2762 441 2824 quae
465 2740 528 2804 nisi
552 2741 587 2804 in
608 2740 739 2826 globosa
760 2741 863 2805 forma
886 2763 954 2805 esse
978 2764 1044 2806 non
1065 2750 1181 2826 posset,
1198 2748 1231 2805 et
1251 2740 1418 2804 stellarum

258 2843 390 2907 rotundi
418 2843 560 2908 ambitus
590 2854 830 2929 cognoscuntur.
876 2845 1069 2930 Primusque
1099 2845 1154 2922 sol,
1177 2845 1234 2930 qui
1260 2854 1418 2910 astrorum

258 2953 350 3010 tenet
373 2946 599 3031 principatum,
614 2947 662 3011 ita
683 2956 839 3024 movetur,
855 2954 902 3024 ut,
918 2971 993 3012 eum
1015 2956 1116 3012 terras
1130 2948 1220 3033 larga
1241 2949 1312 3013 luce
1333 2971 1419 3013 oom-

258 3049 404 3134 pleverit,
435 3049 564 3114 easdem
594 3051 689 3115 modo
719 3051 777 3129 his,
809 3051 904 3116 modo
935 3051 1000 3116 illis
1035 3075 1075 3116 ex
1108 3052 1255 3137 partibus
1287 3063 1420 3138 opacet3
1434 3080 1470 3141 ²5

258 3155 329 3239 ipsa
353 3153 441 3219 enim
468 3155 583 3219 umbra
613 3164 718 3220 terrae
745 3155 804 3220 soli
828 3156 970 3221 officiens
995 3165 1123 3221 noctem
1150 3157 1265 3237 efficit;
1290 3167 1419 3222 noctur-

258 3281 375 3324 norum
399 3267 510 3324 autem
536 3260 714 3345 spatiorum
744 3261 857 3326 eadem
887 3270 936 3326 est
966 3260 1187 3346 aequabilitas,
1216 3283 1299 3346 quae
1329 3263 1418 3328 diur-

308 3424 323 3472 3
336 3423 569 3486 praestantissimae
587 3422 687 3472 Nonius
701 3437 727 3484 p.
739 3423 786 3472 432
799 3423 875 3473 Klotz
889 3423 992 3482 Forch„
1000 3427 1157 3486 praestantis
1174 3424 1251 3484 ΠΗ,
1260 3435 1418 3489 praestantes

259 3517 308 3554 uss
319 3502 458 3566 generally.
559 3503 575 3551 4
593 3506 697 3568 σφαῖραν
715 3502 908 3567 edd.,apheram
925 3519 1067 3568 creperum
1083 3518 1140 3553 uss.
1239 3508 1347 3556 circatae
1359 3521 1417 3567 uss,

258 3589 339 3637 circus
356 3585 457 3635 Nonius
473 3586 538 3635 Dav.
637 3589 652 3636 5
670 3590 755 3638 κύκλος
771 3586 839 3648 eda,
859 3589 936 3637 oiclm
953 3601 983 3636 or
999 3589 1082 3651 cyclus
1101 3601 1160 3636 uss.
1259 3589 1274 3638 6
1290 3591 1418 3652 medioque

259 3671 405 3719 tantumdem
416 3670 525 3732 audique
537 3658 604 3719 abrit
614 3669 675 3727 Ed,
687 3672 815 3732 medioque
833 3673 980 3720 tantumdem
989 3685 1109 3719 summam
1120 3672 1186 3719 absit
1197 3678 1221 3721 et
1231 3671 1314 3729 Allan,
1326 3675 1417 3722 medic·

259 3766 305 3814 que
322 3752 413 3813 abique
433 3753 578 3800 tantundem
594 3753 661 3801 abrit
676 3751 752 3800 Klotz
772 3751 852 3812 Sene,
864 3754 993 3815 medioque
1009 3753 1154 3801 tantumdem
1165 3754 1232 3801 absit
1243 3753 1285 3803 Or.
1300 3753 1346 3802 Ba.
1362 3754 1417 3803 Mu.

259 3829 327 3878 after
336 3827 423 3876 Madv.
434 3829 529 3880 Philet.
543 3831 660 3879 schmitt.
673 3844 694 3877 11
705 3844 729 3890 p.
746 3830 801 3887 140,
813 3831 942 3893 medioque
954 3836 1053 3878 tautum
1063 3831 1130 3877 absit
1141 3844 1190 3878 uss
1203 3831 1263 3897 (erc.
1273 3833 1375 3880 tandum
1383 3831 1417 3894 B)

261 3908 342 3960 Sena.
441 3911 456 3960 7
473 3918 608 3960 extremum
624 3909 754 3967 XBHILG,
774 3918 907 3960 extremam
923 3918 1043 3973 quamam
1059 3911 1125 3959 idem
1140 3927 1156 3959 a
1169 3927 1261 3961 summo
1277 3911 1335 3960 UV²
1351 3912 1414 3965 Rea

258 3988 420 4047 Aso.÷Sch.,
436 3998 486 4039 eat.
503 4008 526 4055 q.
545 3995 653 4041 mediam
669 4008 686 4040 α
702 4006 795 4040 summo
812 3991 875 4041 Dav.
891 3990 986 4040 Heind.
1089 3991 1120 4040 10
1137 3994 1343 4055 aequabilitatem
1353 3993 1417 4044 Red.

259 4077 281 4122 11
292 4070 358 4132 edd,
373 4074 552 4133 aequalitatem
563 4088 611 4122 uss
623 4073 761 4135 generally.
860 4073 891 4121 11
904 4080 988 4134 potest
996 4072 1168 4130 scaevus,
1177 4081 1319 4137 potestesse
1332 4076 1374 4138 [B]
1384 4075 1418 4124 V²

260 4151 318 4202 Oxi.
333 4151 390 4201 Asc.
400 4152 485 4204 ÷edd.
585 4155 615 4203 15
633 4162 693 4217 qaut
705 4153 853 4204 OEPWGH
865 4154 923 4203 Oxf.
934 4153 1007 4211 Rea,
1020 4155 1085 4216 qaod
1096 4154 1257 4218 AB1V1UB0,
1271 4159 1333 4218 quid
1347 4157 1417 4208 ΒἪ.

260 4235 291 4283 21
308 4235 424 4297 conficiat
442 4235 487 4285 ΗΒ
506 4235 540 4298 by
555 4250 631 4294 corr„
643 4239 767 4300 conjectat
782 4236 851 4298 Aby
861 4251 936 4295 corr„
951 4237 1075 4300 conjectat
1093 4237 1248 4298 camur,
1266 4241 1379 4302 confecta
1394 4240 1419 4290 V

260 4315 361 4369 Oxf.÷·
449 4318 481 4365 22
495 4325 587 4380 parret,
596 4326 679 4380 potest
690 4318 723 4368 G.
817 4317 848 4366 26
865 4321 994 4382 afficientia
1007 4318 1104 4369 Gesner
1115 4319 1210 4369 Heind.
1297 4322 1330 4374 27
1347 4323 1418 4373 diar-

259 4411 354 4455 amram
366 4396 401 4459 by
411 4411 476 4448 corr.
489 4400 521 4449 fr.
533 4401 676 4449 diurnorum
686 4400 740 4450 AV.
1026 4401 1028 4406 ’
