3016 4966
142 387 186 451 30
528 401 575 449 nn
597 400 738 450 uirum
760 400 915 450 onoauu.

141 547 288 612 homines
315 546 506 633 pervenisse,
536 545 578 610 ob
607 568 743 632 eamque
772 567 902 610 causam
941 545 1099 632 majorum
1137 543 1299 609 institutis

141 674 241 728 mens,
264 650 354 728 fides,
376 650 486 726 virtus,
509 648 678 713 concordia
699 658 901 714 consecratae
924 659 958 715 et
979 651 1109 736 publice
1131 649 1298 715 dedicatae

141 765 228 821 sunt.
273 756 365 836 Quae
388 755 444 840 qui
466 754 617 819 convenit
637 776 737 839 penes
757 753 833 819 deos
853 777 923 820 esse
946 778 1072 841 negare,
1087 778 1162 820 cum
1185 777 1307 826 eorum¹

141 870 279 948 augusta
293 869 327 926 et
342 869 453 925 sancta
467 860 638 924 simulacra
653 865 866 925 veneremur?
903 860 1026 941 Quodsi
1041 861 1128 924 inest
1143 861 1177 924 in
1192 859 1297 924 homi-

140 986 221 1028 num
235 985 352 1048 genere
372 984 472 1039 mens,
488 961 577 1038 fides,
593 961 704 1039 virtus,
720 962 896 1040 concordia,
913 963 1000 1028 unde
1021 962 1101 1027 haec
1120 963 1156 1026 in
1177 970 1296 1026 terram
1332 985 1349 1046 5

140 1067 203 1131 nisi
228 1066 270 1131 ab
295 1066 419 1152 superis
442 1065 582 1130 defluere
608 1071 809 1150 potuerunt?
864 1065 1014 1152 Cumque
1044 1067 1109 1130 sint
1138 1065 1173 1130 in
1201 1065 1295 1130 nobis

140 1168 318 1247 consilium,
340 1168 432 1246 ratio,
453 1167 635 1254 prudentia,
658 1190 787 1233 necesse
809 1178 859 1234 cst
881 1169 957 1234 deos
984 1169 1062 1234 haec
1084 1170 1155 1254 ipsa
1176 1167 1295 1234 habere

139 1274 269 1360 majora,
283 1295 343 1338 nec
357 1273 476 1338 habere
491 1273 605 1348 solum,
622 1273 677 1338 sed
693 1273 792 1338 etiam
809 1274 859 1338 his
874 1275 924 1338 uti
947 1275 982 1338 in
998 1274 1147 1338 maximis
1163 1282 1196 1339 et
1211 1273 1295 1358 opti-

87 1389 126 1449 80
139 1378 201 1442 mis
216 1377 320 1442 rebus.
365 1376 458 1440 Nihil
476 1385 587 1441 autem
601 1397 661 1440 nec
675 1376 782 1462 majus
796 1399 857 1441 nec
873 1377 988 1441 melius
1003 1377 1124 1441 mundo
1136 1401 1144 1455 ;
1165 1398 1294 1440 necesse

139 1492 188 1549 est
217 1505 292 1568 ergo
318 1504 393 1546 curn
425 1481 557 1546 deorum
587 1481 719 1546 consilio
757 1491 791 1546 et
828 1481 1031 1567 providentia
1067 1480 1295 1546 administrari.
1311 1503 1349 1543 10

139 1589 306 1655 Postremo
321 1610 396 1652 cum
410 1586 489 1651 satis
504 1586 708 1650 docuerimus
723 1586 780 1650 hos
795 1607 864 1650 esse
880 1585 965 1665 deos,
980 1608 1118 1671 quorum
1133 1584 1294 1670 insignem

137 1693 205 1757 vim
230 1701 263 1757 et
287 1691 446 1754 illustrem
474 1689 589 1752 faciem
615 1688 806 1763 videremus,
832 1688 933 1753 solem
963 1688 1034 1753 dico
1064 1696 1099 1754 et
1122 1689 1235 1752 lunam
1259 1697 1294 1753 et

136 1817 235 1880 vagas
264 1792 374 1858 stellas
399 1800 433 1856 et
462 1792 640 1855 inerrantes
670 1800 703 1855 et
732 1791 858 1855 caelum
884 1799 918 1855 et
944 1791 1103 1857 mundum
1127 1792 1234 1877 ipsum
1260 1801 1295 1856 et

137 1920 249 1962 earum
271 1917 380 1960 rerum
403 1895 477 1970 vim,
492 1915 575 1977 quae
597 1893 742 1958 inessent
763 1893 799 1957 in
822 1894 911 1957 omni
934 1894 1057 1958 mundo
1079 1917 1153 1958 cum
1176 1916 1294 1979 magno

137 2025 199 2067 usu
214 2010 248 2066 et
263 1999 494 2065 commoditate
509 1998 636 2083 generis
655 1997 799 2077 humani,
814 1999 951 2064 efficitur
966 2000 1074 2064 omnia
1095 2000 1164 2085 regi
1184 1999 1294 2064 divina
1311 2019 1346 2081 15
1384 2026 1386 2031 ¹

138 2114 248 2170 mente
278 2110 376 2188 atque
405 2100 585 2185 prudentia
640 2101 689 2165 Ao
718 2101 759 2166 de
789 2102 895 2186 prima
924 2102 1056 2188 quidem
1086 2111 1179 2187 parte
1215 2102 1294 2167 satis

138 2210 334 2275 dictumest

87 2326 124 2385 81
203 2311 346 2378 XXXII.
392 2309 556 2394 Sequitur,
572 2318 610 2372 ut
625 2308 759 2373 doceam
777 2309 887 2374 omnia
901 2310 1047 2395 subjecta
1063 2332 1132 2375 csse
1148 2319 1292 2389 naturae,

138 2442 241 2506 eaque
256 2419 297 2483 ab
311 2440 351 2482 ea
365 2415 579 2501 pulcherrime
594 2416 671 2501 geri.
716 2415 780 2480 Sed
796 2415 875 2500 quid
896 2415 939 2480 sit
959 2417 1029 2500 ipsa
1049 2426 1175 2495 natura,
1191 2417 1293 2503 expli-

138 2522 277 2588 candum
293 2530 342 2586 cst
357 2527 434 2584 ante
449 2518 598 2595 breviter,
614 2540 678 2604 quo
692 2518 819 2582 facilius
838 2517 882 2597 id,
899 2518 985 2602 quod
1006 2518 1118 2583 dooere
1135 2520 1294 2598 volumus,
1308 2541 1348 2580 20

137 2627 285 2712 intellegi
299 2625 408 2711 possit.
452 2623 605 2708 Namque
621 2623 677 2687 alii
691 2630 844 2686 naturam
864 2644 933 2687 esse
948 2633 1083 2687 censent
1103 2623 1170 2687 vim
1189 2646 1293 2709 quan-

138 2732 214 2796 dam
234 2732 303 2795 sine
323 2729 447 2793 ratione
467 2728 606 2792 cientem
627 2734 735 2790 motus
754 2726 788 2789 in
811 2726 995 2811 corporibus
1014 2728 1215 2804 necessarios,
1236 2727 1294 2792 alii
1403 2754 1408 2763 ·

138 2844 249 2899 autem
264 2833 332 2896 vim
347 2831 538 2917 participem
553 2830 687 2894 rationis
707 2839 807 2914 atque
827 2830 948 2895 ordinis
970 2839 1138 2915 tamquam
1154 2831 1207 2896 via
1221 2854 1293 2918 pro-

137 2938 341 3024 gredientem
370 2934 663 3019 declarantemque,
692 2933 770 3019 quid
795 2933 950 3020 cujusque
977 2936 1024 2999 rei
1049 2957 1145 3000 causa
1166 2936 1293 3015 efficiat,

138 3043 216 3128 quid
239 3047 402 3126 sequatur,
426 3039 518 3124 cujus
540 3037 716 3103 sollertiam
738 3039 830 3102 nulla
851 3062 909 3116 ars,
932 3041 1023 3113 nulla
1048 3063 1173 3118 manus,
1198 3064 1294 3107 nemo
1309 3058 1346 3120 25

138 3145 245 3231 opifex
260 3141 411 3226 consequi
425 3142 525 3226 possit
539 3141 716 3221 imitando;
738 3141 870 3206 seminis
885 3143 973 3215 enim
988 3143 1055 3207 vim
1072 3166 1139 3208 esse
1154 3153 1292 3226 tantam,

138 3258 177 3313 ut
196 3247 238 3324 id,
253 3267 453 3331 quamquam
472 3243 514 3308 sit
534 3245 758 3330 perexiguum,
774 3254 894 3321 tamen,
915 3246 942 3309 si
962 3246 1113 3310 inciderit
1133 3247 1168 3311 in
1189 3248 1293 3312 conoi-

138 3352 283 3436 pientem
293 3346 684 3431 comprehendentemque
696 3356 846 3412 naturam
856 3357 1052 3432 nactumque
1062 3349 1105 3414 sit
1114 3351 1293 3429 materiam,
1384 3422 1391 3433 ,

139 3478 204 3541 qua
229 3454 273 3518 ali
295 3450 470 3535 augerique
492 3450 601 3535 possit,
624 3451 672 3515 ita
693 3451 796 3535 fingat
819 3461 852 3514 et
875 3451 994 3535 efficiat
1015 3452 1051 3515 in
1073 3474 1130 3516 suo
1152 3455 1293 3540 quicque

139 3581 266 3646 genere,
281 3554 401 3642 partim
416 3565 454 3620 ut
468 3563 599 3619 tantum
614 3556 710 3620 modo
724 3578 784 3642 per
799 3555 914 3640 stirpes
929 3555 1059 3620 alantur
1073 3580 1157 3634 suas,
1173 3560 1293 3643 partim
1307 3579 1348 3636 30

122 3663 179 3728 'ut
202 3657 323 3725 moveri
349 3658 448 3722 etiam
478 3667 512 3723 et
542 3659 661 3722 sentire
692 3666 726 3723 et
751 3665 904 3742 appetere
935 3659 1061 3743 possint
1091 3669 1125 3724 et
1154 3683 1195 3726 ox
1224 3684 1293 3727 sese
1417 3651 1421 3666 ⁶

89 3779 127 3838 82
140 3763 259 3829 similia
280 3759 330 3824 sui
352 3759 492 3845 gignere.
541 3760 628 3825 Sunt
649 3769 771 3837 autem,
793 3760 850 3844 qui
873 3760 982 3824 omnia
1004 3769 1139 3826 naturae
1161 3765 1293 3830 nomine

140 3866 314 3953 appellent,
340 3871 378 3926 ut
403 3864 569 3948 Epicurus,
599 3865 655 3948 qui
685 3864 733 3928 ita
763 3862 900 3927 dividit:
931 3864 1086 3939 omnium,
1110 3889 1193 3951 quae
1219 3869 1294 3948 sint,

141 3979 291 4036 naturam
309 3986 378 4028 esse
396 3987 528 4050 corpora
548 3975 582 4029 et
601 3966 706 4042 inane,
721 3986 869 4050 quaeque
890 3965 940 4029 his
955 3966 1109 4033 accidant.
1155 3971 1220 4036 Sed
1236 3995 1293 4038 nos

190 4126 206 4174 8
224 4124 271 4178 his,
279 4122 314 4169 iis
321 4117 389 4179 conj.
397 4117 451 4166 Mu.
517 4119 532 4168 9
549 4126 631 4168 autem
640 4119 809 4179 ΑΒΟΕΨΒΟ,
819 4125 902 4166 ααιεπι
911 4126 946 4167 eat
953 4118 987 4167 V’
994 4131 1028 4181 ÷‚
1037 4129 1119 4170 cutem
1126 4139 1175 4173 esce
1184 4130 1224 4175 aa
1233 4125 1291 4179 011.

141 4210 199 4259 Aac.
266 4203 297 4252 19
313 4214 393 4261 eaque
402 4201 434 4246 ab
445 4215 475 4248 cc
487 4213 535 4248 rrss
546 4201 683 4263 generally,
693 4218 771 4264 ecqua
779 4201 820 4258 R„
830 4201 862 4249 ab
873 4216 950 4263 eaque
961 4201 1036 4251 Allen
1047 4202 1206 4270 (comparing
1216 4212 1230 4270 ς
1242 4211 1293 4273 75).

139 4293 195 4357 μη·
205 4300 254 4338 uss
270 4280 408 4347 generally,
418 4282 472 4341 reci
483 4280 505 4328 E
517 4281 575 4329 Asc.
673 4283 706 4331 20
721 4285 832 4332 volumus
845 4296 901 4343 rrss,
914 4285 1019 4332 volimus
1030 4299 1071 4347 ap.
1083 4287 1200 4338 Priscian
1211 4304 1239 4339 rx
1250 4291 1293 4341 18

143 4369 258 4447 pvolpn’
274 4379 323 4432 pro
340 4362 442 4410 ‘velim‘
458 4363 619 4425 proferebant
634 4365 736 4427 antiqui
752 4362 809 4429 dcc.)
823 4363 908 4413 Allan.
1006 4366 1038 4414 34
1056 4368 1220 4423 censear
1237 4372 1293 4424 Mu.
