3016 4966
437 382 501 430 im.
524 383 552 429 11
574 381 646 432 cnr.
669 383 843 431 xx—xxn
866 367 1064 454 ἕξω-58.
1286 370 1326 432 21

172 525 312 590 suffusus
332 528 446 591 aether
467 549 533 592 non
555 527 633 593 satis
651 536 748 613 aptus
770 528 811 592 ad
831 529 941 593 stellas
961 527 1171 594 continendas
1190 527 1326 594 videtur.

172 614 308 692 Habent
331 627 431 713 igitur
456 650 548 693 suam
575 629 746 714 sphaeram
771 630 884 694 stellae
911 629 1090 694 inerrantes
1116 628 1157 693 ab
1182 628 1328 695 aetheria
1342 634 1379 695 55

109 771 111 778 ·
171 732 396 817 conjunctione
412 745 567 799 secretam
583 743 617 799 et
631 736 775 801 liberam.
821 735 943 799 Earum
958 743 1070 800 autem
1084 755 1241 821 perennes
1256 756 1328 799 cur·

172 858 225 900 sus
249 844 347 925 atque
376 838 527 922 perpetui
557 861 631 903 cum
660 839 844 903 admirabili
873 839 1118 924 incredibilique
1148 837 1328 904 constantia

139 963 156 1024 5
171 938 336 1004 declarant
350 941 385 1004 in
400 941 450 1006 his
464 942 532 1005 vim
548 951 582 1007 et
597 950 741 1008 mentem
760 965 829 1008 esse
849 943 1001 1022 divinam,
1017 951 1064 1022 ut,
1078 942 1158 1008 haec
1180 942 1251 1028 ipsa
1269 941 1327 1027 qui

65 1101 67 1108 .
170 1065 236 1107 non
255 1045 376 1110 sentiat
395 1046 529 1111 deorum
548 1047 616 1112 vim
635 1047 763 1125 habere,
781 1046 809 1110 is
827 1047 911 1111 nihil
933 1046 1063 1112 omnino
1086 1068 1236 1111 sensurus
1258 1068 1327 1111 esse

170 1149 328 1238 videatur.
372 1150 475 1215 Nulla
492 1150 592 1237 igitur
612 1151 647 1215 in
667 1151 755 1216 caelo
776 1172 836 1216 nec
856 1150 986 1216 fortuna
1004 1172 1063 1216 nec
1082 1150 1248 1216 temeritas
1267 1171 1327 1214 nec
1340 1155 1377 1216 56

171 1253 287 1318 erratio
309 1276 369 1318 nec
390 1255 517 1319 vanitas
537 1254 623 1321 inest
647 1263 821 1340 contraque
845 1255 949 1319 omnis
974 1255 1059 1332 ord0,
1082 1255 1211 1333 veritas,
1233 1254 1326 1334 ratio,

171 1359 370 1439 constantia;
403 1381 552 1444 quaeque
583 1359 634 1424 his
660 1368 785 1438 vacant,
811 1359 970 1424 ementita
995 1368 1029 1424 et
1058 1359 1138 1424 falsa
1166 1359 1327 1444 plenaque

120 1489 157 1529 10
170 1461 293 1540 erroris,
308 1485 347 1527 ea
361 1463 481 1527 circum
499 1472 602 1528 terras
621 1463 706 1527 infra
725 1456 847 1540 lunam,
862 1484 946 1547 quae
966 1462 1112 1527 omnium
1128 1461 1247 1526 ultima
1268 1470 1327 1541 est,

169 1565 203 1629 in
227 1566 385 1650 terrisque
404 1577 580 1634 versantur.
627 1567 824 1634 Caelestium
843 1590 919 1653 ergo
937 1567 1162 1632 admirabilem
1181 1566 1326 1632 ordinem

169 1667 455 1754 incredibilemque
496 1671 720 1748 constantiam,
757 1693 797 1735 ex
833 1693 899 1756 qua
935 1671 1133 1736 conservatio
1170 1677 1204 1735 et
1240 1670 1326 1735 salus

170 1772 316 1836 omnium
338 1774 443 1838 omnis
466 1775 575 1853 oritur,
593 1775 650 1859 qui
672 1797 786 1839 vacare
810 1783 920 1840 mente
940 1781 1046 1860 putat,
1069 1775 1097 1839 is
1114 1773 1183 1860 ipse
1206 1773 1325 1839 mentis

169 1898 284 1961 expers
308 1877 477 1943 habendus
507 1887 564 1944 est.
618 1878 719 1944 Haud
745 1901 829 1965 ergo,
854 1886 893 1944 ut
922 1879 1042 1965 opinor,
1070 1901 1224 1958 erravero,
1249 1879 1277 1944 si
1306 1890 1375 1950 a5l
1454 1947 1456 1951 .

117 2007 153 2068 15
168 1980 314 2067 principe
335 1982 579 2068 investigandae
593 1983 740 2048 veritatis
761 1981 860 2069 hujus
880 1982 1109 2069 disputationis
1130 1982 1326 2070 principium

169 2085 299 2152 duxere.
378 2082 381 2087 ’
834 2150 839 2160 ,
1118 2166 1121 2171 ⁴

234 2190 345 2256 XXII.
389 2192 476 2256 Zeno
491 2191 593 2278 igitur
609 2200 758 2256 naturam
773 2191 820 2256 ita
835 2190 959 2269 definit,
976 2199 1013 2258 ut
1027 2213 1100 2256 eam
1115 2191 1201 2257 dicat
1216 2192 1326 2278 ignem

169 2314 237 2358 esse
264 2295 482 2372 artificiosum,
508 2295 548 2360 ad
578 2295 778 2381 gignendum
804 2293 1065 2379 progredientem
1086 2295 1149 2360 via.
1206 2294 1326 2361 Censet

168 2397 257 2461 enim
281 2399 359 2463 artis
379 2399 520 2463 maxime
540 2397 706 2483 proprium
726 2418 794 2461 esse
813 2418 920 2460 creare
943 2404 977 2461 et
998 2395 1152 2482 gignere;
1175 2396 1325 2481 quodque

115 2499 203 2563 zoin
225 2501 374 2585 operibus
396 2509 578 2566 nostrarum
606 2500 726 2564 antium
751 2520 866 2563 manus
890 2498 1018 2578 efficiat,
1037 2497 1073 2562 id
1095 2498 1199 2563 multo
1225 2497 1327 2563 artifi-

167 2604 283 2669 ciosius
309 2614 460 2670 naturam
487 2606 620 2686 efficere,
646 2604 680 2669 id
707 2610 765 2681 est,
791 2609 830 2666 ut
858 2602 934 2680 dixi,
965 2602 1085 2689 ignem·
1106 2601 1326 2681 artificiosum,

167 2707 360 2792 magistrum
388 2709 509 2773 artium
538 2708 744 2792 reliquarum.
804 2707 914 2790 Atque
949 2705 1009 2770 hac
1039 2704 1171 2791 quidem
1200 2707 1325 2772 ratione

167 2813 272 2877 omnis
294 2822 412 2878 natura
433 2812 604 2878 artificiosa
626 2820 685 2892 est,
708 2810 794 2896 quod
817 2810 916 2875 habet
938 2811 1031 2895 quasi
1052 2810 1140 2876 viam
1162 2810 1324 2894 quandam

167 2923 201 2980 et
216 2925 346 2994 sectam,
363 2939 462 3002 quam
478 2925 640 3001 sequatur.
686 2915 795 3001 Ipsius
810 2937 885 2980 vero
906 2915 1028 2994 mundi,
1044 2914 1101 3000 qui
1116 2915 1225 2980 omnia
1239 2937 1324 2981 com·
1338 2929 1375 2989 58

115 3041 151 3102 25
166 3020 265 3104 plexu
283 3042 341 3085 suo
360 3026 484 3085 coercet
503 3028 537 3085 et
556 3019 709 3096 continet,
729 3027 846 3084 natura
864 3041 930 3083 non
948 3018 1120 3084 artificiosa
1139 3019 1251 3099 solum,
1267 3019 1324 3084 sed

107 3189 110 3194 ,
166 3122 263 3206 plane
286 3123 403 3187 artifex
429 3122 471 3186 ab
493 3122 608 3187 eodem
630 3122 760 3186 Zenone
782 3121 911 3199 dicitur,
932 3121 1109 3186 consultrix
1134 3130 1167 3188 et
1190 3121 1325 3207 provida

166 3227 348 3292 utilitatum
365 3227 713 3314 opportunitatumque
728 3226 883 3293 omnium.
913 3228 1024 3313 Atque
1039 3234 1078 3291 ut
1093 3234 1217 3292 ceterae
1228 3234 1323 3291 natu-

165 3354 220 3397 rae
243 3331 310 3397 suis
332 3332 509 3397 seminibus
529 3353 677 3417 quaeque
699 3331 887 3418 gignuntur,
906 3340 1092 3418 augescunt,
1108 3331 1323 3412 continentur,

166 3436 211 3500 sio
234 3444 352 3500 natura
374 3436 490 3501 mundi
512 3459 623 3501 omnes
649 3443 757 3500 motus
778 3435 879 3501 habet
900 3435 1105 3513 voluntarios,
1125 3443 1322 3520 conatusque

111 3565 152 3622 30
165 3548 200 3604 et
220 3540 446 3626 appetitiones,
460 3563 540 3627 quas
562 3540 665 3628 ὁρμάς
687 3541 801 3608 Graeci
822 3549 947 3620 vocant,
965 3549 999 3606 et
1020 3539 1072 3605 his
1092 3549 1323 3606 consentaneas

164 3645 306 3710 actiones
321 3646 365 3711 sic
379 3646 521 3725 adhibet,
536 3656 575 3711 ut
589 3655 716 3712 nosmet
731 3647 802 3732 ipsi,
817 3647 873 3733 qui
888 3647 1004 3711 animis
1019 3668 1186 3711 movemur
1201 3656 1235 3713 et
1249 3670 1321 3714 sen·
1380 3662 1382 3667 '

165 3749 261 3814 sibus.
305 3751 392 3816 Talis
409 3751 510 3838 igitur
523 3775 615 3817 mens
630 3752 744 3817 mundi
759 3774 834 3817 cum
849 3752 900 3829 sit,
917 3753 958 3816 ob
974 3774 1109 3836 eamque
1124 3774 1253 3818 causam
1268 3754 1321 3819 vel

163 3855 337 3939 prudentia
357 3857 409 3922 vel
433 3857 636 3944 providentia
659 3859 814 3944 appellari
836 3865 923 3923 recte
948 3858 1050 3944 possit
1073 3857 1209 3942 (Graece
1231 3859 1319 3924 enim

213 4046 228 4094 5
245 4048 279 4095 its
290 4046 344 4095 Mu.
355 4046 436 4109 praef.
451 4061 507 4096 vm.
605 4049 738 4096 evanitos
756 4061 805 4097 uss
821 4046 959 4110 generally,
971 4049 1083 4098 voratos
1094 4053 1112 4098 Ι.
1123 4047 1229 4098 Moser's
1241 4047 1315 4100 unu

102 4189 106 4196 Δ
164 4128 180 4177 9
196 4131 315 4178 ementita
332 4129 484 4193 [BGEP]BE
502 4129 536 4193 by
552 4145 616 4181 corr.
633 4132 663 4193 V,
689 4147 719 4180 ea
737 4133 842 4181 mentita
862 4135 928 4182 Men
945 4131 1011 4192 Oxi,
1032 4134 1138 4181 cantito
1153 4131 1188 4194 by
1203 4146 1267 4183 oorr.
1286 4131 1317 4180 A.

165 4209 196 4257 11
212 4218 344 4261 uersentur
354 4211 425 4270 GRH,
436 4219 550 4262 abactor
560 4212 674 4261 ABEPV
685 4212 784 4266 Oxf.÷.
882 4215 1025 4263 amicalium
1042 4212 1066 4262 G
1081 4212 1188 4263 Mossr's
1204 4213 1242 4263 La
1258 4211 1316 4262 edd.

164 4290 231 4340 after
246 4291 321 4351 Dav„
333 4295 460 4343 martem
471 4307 521 4342 uss
536 4293 666 4356 generally
679 4293 721 4359 (cf.
733 4294 814 4344 below
824 4296 838 4356 ξ
850 4294 899 4357 64).
1000 4297 1032 4344 28
1049 4309 1161 4359 quaeque
1177 4294 1223 4344 ΔΕ
1240 4293 1317 4352 Mus,

164 4388 293 4435 quaequae
305 4374 393 4422 BOPV
406 4375 457 4440 (see
469 4375 553 4425 Madv.
566 4379 622 4424 Fla.
636 4391 661 4438 p.
674 4376 752 4440 656¹).
864 4378 896 4426 30
913 4376 991 4438 ὁρμάς,
1009 4374 1088 4425 Latin
1106 4375 1134 4423 in
1152 4389 1207 4426 uss,
