<?xml version="1.0" encoding="UTF-8"?>
<!DOCTYPE html PUBLIC "-//W3C//DTD XHTML 1.0 Transitional//EN"
    "http://www.w3.org/TR/xhtml1/DTD/xhtml1-transitional.dtd">
<html xmlns="http://www.w3.org/1999/xhtml" xml:lang="en" lang="en">
 <head>
  <title>
</title>
<meta http-equiv="Content-Type" content="text/html;charset=utf-8" />
  <meta name='ocr-system' content='tesseract 3.04.00' />
  <meta name='ocr-capabilities' content='ocr_page ocr_carea ocr_par ocr_line ocrx_word'/>
</head>
<body>
  <div class='ocr_page' id='page_1' title='image "./mtulliiciceroni65cicegoog/mtulliiciceroni65cicegoog_0089.png"; bbox 0 0 3016 4966; ppageno 0'>
   <div class='ocr_carea' id='block_1_1' title="bbox 204 413 978 485">
    <p class='ocr_par' dir='ltr' id='par_1_1' title="bbox 204 413 978 485">
     <span class='ocr_line' id='line_1_1' title="bbox 204 413 978 485; baseline -0.003 -9"><span class='ocrx_word' id='word_1_1' title='bbox 204 413 246 477; x_wconf 75' lang='lat'>64</span> <span class='ocrx_word' id='word_1_2' title='bbox 588 423 800 485; x_wconf 74' lang='lat' dir='ltr'>ornicum</span> <span class='ocrx_word' id='word_1_3' title='bbox 822 424 978 474; x_wconf 81' lang='lat' dir='ltr'>nnoauu.</span> 
     </span>
    </p>
   </div>
   <div class='ocr_carea' id='block_1_2' title="bbox 48 567 1415 2516">
    <p class='ocr_par' dir='ltr' id='par_1_2' title="bbox 48 567 1415 2516">
     <span class='ocr_line' id='line_1_2' title="bbox 128 567 1361 656; baseline -0.004 -21"><span class='ocrx_word' id='word_1_4' title='bbox 128 587 134 599; x_wconf 87' lang='grc'><strong><em>’</em></strong></span> <span class='ocrx_word' id='word_1_5' title='bbox 204 571 291 636; x_wconf 88' lang='lat' dir='ltr'>tibus</span> <span class='ocrx_word' id='word_1_6' title='bbox 320 570 564 656; x_wconf 88' lang='lat' dir='ltr'>portenduntur.</span> <span class='ocrx_word' id='word_1_7' title='bbox 622 569 729 633; x_wconf 90' lang='lat' dir='ltr'>Multa</span> <span class='ocrx_word' id='word_1_8' title='bbox 760 575 927 653; x_wconf 88' lang='lat' dir='ltr'>praeterea</span> <span class='ocrx_word' id='word_1_9' title='bbox 963 568 1108 645; x_wconf 88' lang='lat' dir='ltr'>ostentis,</span> <span class='ocrx_word' id='word_1_10' title='bbox 1137 567 1242 631; x_wconf 87' lang='lat' dir='ltr'>multa</span> <span class='ocrx_word' id='word_1_11' title='bbox 1279 567 1361 631; x_wconf 85' lang='lat' dir='ltr'>extis</span> 
     </span>
     <span class='ocr_line' id='line_1_3' title="bbox 93 670 1362 756; baseline -0.003 -18"><span class='ocrx_word' id='word_1_12' title='bbox 93 672 95 676; x_wconf 69' lang='grc'><strong>’</strong></span> <span class='ocrx_word' id='word_1_13' title='bbox 204 675 415 738; x_wconf 79' lang='lat' dir='ltr'>admonemur</span> <span class='ocrx_word' id='word_1_14' title='bbox 444 672 620 756; x_wconf 90' lang='lat' dir='ltr'>multisque</span> <span class='ocrx_word' id='word_1_15' title='bbox 650 672 745 736; x_wconf 90' lang='lat' dir='ltr'>rebus</span> <span class='ocrx_word' id='word_1_16' title='bbox 774 672 855 749; x_wconf 88' lang='lat' dir='ltr'>aliis,</span> <span class='ocrx_word' id='word_1_17' title='bbox 884 693 964 756; x_wconf 87' lang='lat' dir='ltr'>quas</span> <span class='ocrx_word' id='word_1_18' title='bbox 1001 671 1174 735; x_wconf 87' lang='lat' dir='ltr'>diuturnus</span> <span class='ocrx_word' id='word_1_19' title='bbox 1208 692 1286 734; x_wconf 91' lang='lat' dir='ltr'>usus</span> <span class='ocrx_word' id='word_1_20' title='bbox 1314 670 1362 734; x_wconf 90' lang='lat' dir='ltr'>ita</span> 
     </span>
     <span class='ocr_line' id='line_1_4' title="bbox 137 775 1362 859; baseline -0.006 -16"><span class='ocrx_word' id='word_1_21' title='bbox 137 785 192 844; x_wconf 83' lang='grc'>167</span> <span class='ocrx_word' id='word_1_22' title='bbox 206 779 339 856; x_wconf 90' lang='lat' dir='ltr'>notavit,</span> <span class='ocrx_word' id='word_1_23' title='bbox 362 785 400 841; x_wconf 91' lang='lat' dir='ltr'>ut</span> <span class='ocrx_word' id='word_1_24' title='bbox 422 785 526 841; x_wconf 89' lang='lat' dir='ltr'>artem</span> <span class='ocrx_word' id='word_1_25' title='bbox 548 775 757 840; x_wconf 83' lang='lat' dir='ltr'>divinationis</span> <span class='ocrx_word' id='word_1_26' title='bbox 779 776 926 840; x_wconf 90' lang='lat' dir='ltr'>efficeret.</span> <span class='ocrx_word' id='word_1_27' title='bbox 971 775 1077 839; x_wconf 91' lang='lat' dir='ltr'>Nemo</span> <span class='ocrx_word' id='word_1_28' title='bbox 1092 775 1194 859; x_wconf 88' lang='lat' dir='ltr'>igitur</span> <span class='ocrx_word' id='word_1_29' title='bbox 1208 775 1257 837; x_wconf 87' lang='lat' dir='ltr'>vir</span> <span class='ocrx_word' id='word_1_30' title='bbox 1272 795 1362 857; x_wconf 85' lang='lat' dir='ltr'>mag·</span> 
     </span>
     <span class='ocr_line' id='line_1_5' title="bbox 207 877 1362 965; baseline -0.005 -19"><span class='ocrx_word' id='word_1_31' title='bbox 207 904 266 946; x_wconf 85' lang='lat' dir='ltr'>nus</span> <span class='ocrx_word' id='word_1_32' title='bbox 296 881 364 944; x_wconf 90' lang='lat' dir='ltr'>sine</span> <span class='ocrx_word' id='word_1_33' title='bbox 391 880 498 965; x_wconf 85' lang='lat' dir='ltr'>aliquo</span> <span class='ocrx_word' id='word_1_34' title='bbox 524 880 636 944; x_wconf 89' lang='lat' dir='ltr'>affiatu</span> <span class='ocrx_word' id='word_1_35' title='bbox 659 879 768 943; x_wconf 89' lang='lat' dir='ltr'>divino</span> <span class='ocrx_word' id='word_1_36' title='bbox 794 900 950 963; x_wconf 89' lang='lat' dir='ltr'>umquam</span> <span class='ocrx_word' id='word_1_37' title='bbox 977 879 1048 943; x_wconf 82' lang='lat' dir='ltr'>luit.</span> <span class='ocrx_word' id='word_1_38' title='bbox 1093 877 1221 963; x_wconf 84' lang='lat' dir='ltr'>Magnis</span> <span class='ocrx_word' id='word_1_39' title='bbox 1250 885 1362 941; x_wconf 89' lang='lat' dir='ltr'>autem</span> 
     </span>
     <span class='ocr_line' id='line_1_6' title="bbox 204 981 1411 1070; baseline -0.003 -22"><span class='ocrx_word' id='word_1_40' title='bbox 204 986 280 1050; x_wconf 89' lang='lat' dir='ltr'>viris</span> <span class='ocrx_word' id='word_1_41' title='bbox 294 1006 463 1070; x_wconf 85' lang='lat' dir='ltr'>prosperae</span> <span class='ocrx_word' id='word_1_42' title='bbox 478 1006 604 1070; x_wconf 87' lang='lat' dir='ltr'>semper</span> <span class='ocrx_word' id='word_1_43' title='bbox 618 1007 729 1049; x_wconf 88' lang='lat' dir='ltr'>omnes</span> <span class='ocrx_word' id='word_1_44' title='bbox 745 1006 805 1059; x_wconf 77' lang='lat' dir='ltr'>reS,</span> <span class='ocrx_word' id='word_1_45' title='bbox 825 983 986 1068; x_wconf 89' lang='lat' dir='ltr'>siquidem</span> <span class='ocrx_word' id='word_1_46' title='bbox 1005 983 1084 1048; x_wconf 89' lang='lat' dir='ltr'>satis</span> <span class='ocrx_word' id='word_1_47' title='bbox 1107 1005 1127 1046; x_wconf 92' lang='lat' dir='ltr'>a</span> <span class='ocrx_word' id='word_1_48' title='bbox 1147 981 1264 1046; x_wconf 87' lang='lat' dir='ltr'>nostris</span> <span class='ocrx_word' id='word_1_49' title='bbox 1288 991 1321 1046; x_wconf 93' lang='lat' dir='ltr'>et</span> <span class='ocrx_word' id='word_1_50' title='bbox 1343 1005 1363 1044; x_wconf 90' lang='lat' dir='ltr'>a</span> <span class='ocrx_word' id='word_1_51' title='bbox 1396 1002 1411 1063; x_wconf 86' lang='lat'>5</span> 
     </span>
     <span class='ocr_line' id='line_1_7' title="bbox 205 1085 1363 1174; baseline -0.003 -23"><span class='ocrx_word' id='word_1_52' title='bbox 205 1088 349 1174; x_wconf 89' lang='lat' dir='ltr'>principe</span> <span class='ocrx_word' id='word_1_53' title='bbox 365 1088 586 1172; x_wconf 85' lang='lat' dir='ltr'>philosophiae</span> <span class='ocrx_word' id='word_1_54' title='bbox 602 1089 732 1152; x_wconf 88' lang='lat' dir='ltr'>Socrate</span> <span class='ocrx_word' id='word_1_55' title='bbox 748 1088 872 1151; x_wconf 89' lang='lat' dir='ltr'>dictum</span> <span class='ocrx_word' id='word_1_56' title='bbox 888 1095 937 1151; x_wconf 90' lang='lat' dir='ltr'>est</span> <span class='ocrx_word' id='word_1_57' title='bbox 957 1086 998 1150; x_wconf 92' lang='lat' dir='ltr'>de</span> <span class='ocrx_word' id='word_1_58' title='bbox 1013 1085 1217 1150; x_wconf 74' lang='lat' dir='ltr'>ubertatibus</span> <span class='ocrx_word' id='word_1_59' title='bbox 1232 1085 1363 1149; x_wconf 86' lang='lat' dir='ltr'>virtutis</span> 
     </span>
     <span class='ocr_line' id='line_1_8' title="bbox 206 1190 1363 1278; baseline -0.003 -20"><span class='ocrx_word' id='word_1_60' title='bbox 206 1201 239 1258; x_wconf 89' lang='lat' dir='ltr'>et</span> <span class='ocrx_word' id='word_1_61' title='bbox 255 1193 362 1278; x_wconf 90' lang='lat' dir='ltr'>copiis.</span> <span class='ocrx_word' id='word_1_62' title='bbox 410 1192 480 1257; x_wconf 89' lang='lat' dir='ltr'>Nec</span> <span class='ocrx_word' id='word_1_63' title='bbox 498 1215 573 1256; x_wconf 89' lang='lat' dir='ltr'>vero</span> <span class='ocrx_word' id='word_1_64' title='bbox 591 1194 628 1258; x_wconf 81' lang='lat' dir='ltr'>id</span> <span class='ocrx_word' id='word_1_65' title='bbox 647 1193 694 1257; x_wconf 88' lang='lat' dir='ltr'>ita</span> <span class='ocrx_word' id='word_1_66' title='bbox 711 1191 922 1256; x_wconf 82' lang='lat' dir='ltr'>refellendum</span> <span class='ocrx_word' id='word_1_67' title='bbox 943 1200 1001 1268; x_wconf 88' lang='lat' dir='ltr'>est,</span> <span class='ocrx_word' id='word_1_68' title='bbox 1016 1200 1062 1267; x_wconf 88' lang='lat' dir='ltr'>ut,</span> <span class='ocrx_word' id='word_1_69' title='bbox 1079 1191 1106 1255; x_wconf 89' lang='lat' dir='ltr'>si</span> <span class='ocrx_word' id='word_1_70' title='bbox 1127 1190 1290 1276; x_wconf 85' lang='lat' dir='ltr'>segetibus</span> <span class='ocrx_word' id='word_1_71' title='bbox 1305 1199 1363 1254; x_wconf 88' lang='lat' dir='ltr'>aut</span> 
     </span>
     <span class='ocr_line' id='line_1_9' title="bbox 205 1293 1362 1381; baseline -0.003 -21"><span class='ocrx_word' id='word_1_72' title='bbox 205 1296 324 1361; x_wconf 89' lang='lat' dir='ltr'>vinetis</span> <span class='ocrx_word' id='word_1_73' title='bbox 346 1295 525 1381; x_wconf 86' lang='lat' dir='ltr'>cujuspiam</span> <span class='ocrx_word' id='word_1_74' title='bbox 548 1303 725 1381; x_wconf 86' lang='lat' dir='ltr'>tempestas</span> <span class='ocrx_word' id='word_1_75' title='bbox 747 1295 902 1370; x_wconf 87' lang='lat' dir='ltr'>nocuerit,</span> <span class='ocrx_word' id='word_1_76' title='bbox 918 1303 976 1358; x_wconf 91' lang='lat' dir='ltr'>aut</span> <span class='ocrx_word' id='word_1_77' title='bbox 996 1295 1024 1359; x_wconf 92' lang='lat' dir='ltr'>si</span> <span class='ocrx_word' id='word_1_78' title='bbox 1044 1294 1123 1379; x_wconf 89' lang='lat' dir='ltr'>quid</span> <span class='ocrx_word' id='word_1_79' title='bbox 1139 1316 1156 1358; x_wconf 89' lang='lat' dir='ltr'>e</span> <span class='ocrx_word' id='word_1_80' title='bbox 1172 1293 1259 1358; x_wconf 86' lang='lat' dir='ltr'>vitae</span> <span class='ocrx_word' id='word_1_81' title='bbox 1277 1315 1362 1358; x_wconf 89' lang='lat' dir='ltr'>com-</span> 
     </span>
     <span class='ocr_line' id='line_1_10' title="bbox 205 1396 1364 1482; baseline -0.001 -20"><span class='ocrx_word' id='word_1_82' title='bbox 205 1399 309 1463; x_wconf 88' lang='lat' dir='ltr'>modis</span> <span class='ocrx_word' id='word_1_83' title='bbox 338 1422 429 1463; x_wconf 82' lang='lat' dir='ltr'>casus</span> <span class='ocrx_word' id='word_1_84' title='bbox 459 1398 639 1478; x_wconf 89' lang='lat' dir='ltr'>abstulerit,</span> <span class='ocrx_word' id='word_1_85' title='bbox 668 1421 752 1475; x_wconf 90' lang='lat' dir='ltr'>eum,</span> <span class='ocrx_word' id='word_1_86' title='bbox 784 1397 836 1462; x_wconf 90' lang='lat' dir='ltr'>cui</span> <span class='ocrx_word' id='word_1_87' title='bbox 867 1397 946 1482; x_wconf 91' lang='lat' dir='ltr'>quid</span> <span class='ocrx_word' id='word_1_88' title='bbox 975 1398 1091 1461; x_wconf 89' lang='lat' dir='ltr'>horum</span> <span class='ocrx_word' id='word_1_89' title='bbox 1121 1396 1280 1474; x_wconf 84' lang='lat' dir='ltr'>acciderit,</span> <span class='ocrx_word' id='word_1_90' title='bbox 1306 1405 1364 1461; x_wconf 90' lang='lat' dir='ltr'>aut</span> 
     </span>
     <span class='ocr_line' id='line_1_11' title="bbox 205 1499 1415 1586; baseline -0.005 -21"><span class='ocrx_word' id='word_1_91' title='bbox 205 1502 346 1566; x_wconf 91' lang='lat' dir='ltr'>invisum</span> <span class='ocrx_word' id='word_1_92' title='bbox 362 1503 422 1566; x_wconf 93' lang='lat' dir='ltr'>deo</span> <span class='ocrx_word' id='word_1_93' title='bbox 437 1510 496 1566; x_wconf 88' lang='lat' dir='ltr'>aut</span> <span class='ocrx_word' id='word_1_94' title='bbox 511 1503 696 1586; x_wconf 88' lang='lat' dir='ltr'>neglectum</span> <span class='ocrx_word' id='word_1_95' title='bbox 714 1524 734 1565; x_wconf 89' lang='lat' dir='ltr'>a</span> <span class='ocrx_word' id='word_1_96' title='bbox 748 1501 808 1566; x_wconf 93' lang='lat' dir='ltr'>deo</span> <span class='ocrx_word' id='word_1_97' title='bbox 819 1501 1011 1586; x_wconf 88' lang='lat' dir='ltr'>judicemus.</span> <span class='ocrx_word' id='word_1_98' title='bbox 1057 1501 1177 1586; x_wconf 83' lang='lat' dir='ltr'>Magna</span> <span class='ocrx_word' id='word_1_99' title='bbox 1191 1499 1225 1563; x_wconf 89' lang='lat' dir='ltr'>di</span> <span class='ocrx_word' id='word_1_100' title='bbox 1240 1507 1362 1577; x_wconf 86' lang='lat' dir='ltr'>curant,</span> <span class='ocrx_word' id='word_1_101' title='bbox 1379 1520 1415 1560; x_wconf 91' lang='lat'>10</span> 
     </span>
     <span class='ocr_line' id='line_1_12' title="bbox 205 1604 505 1690; baseline -0.003 -22"><span class='ocrx_word' id='word_1_102' title='bbox 205 1627 305 1690; x_wconf 88' lang='lat' dir='ltr'>parva</span> <span class='ocrx_word' id='word_1_103' title='bbox 320 1604 505 1690; x_wconf 83' lang='lat' dir='ltr'>neglegunt.</span> 
     </span>
     <span class='ocr_line' id='line_1_13' title="bbox 138 1692 1365 1791; baseline -0.004 -19"><span class='ocrx_word' id='word_1_104' title='bbox 138 1714 193 1773; x_wconf 84' lang='grc'>168</span> <span class='ocrx_word' id='word_1_105' title='bbox 270 1707 407 1772; x_wconf 88' lang='lat' dir='ltr'>LXVII.</span> <span class='ocrx_word' id='word_1_106' title='bbox 446 1708 537 1772; x_wconf 90' lang='lat' dir='ltr'>Haec</span> <span class='ocrx_word' id='word_1_107' title='bbox 552 1707 633 1770; x_wconf 90' lang='lat' dir='ltr'>mihi</span> <span class='ocrx_word' id='word_1_108' title='bbox 648 1708 714 1771; x_wconf 90' lang='lat' dir='ltr'>fere</span> <span class='ocrx_word' id='word_1_109' title='bbox 729 1707 764 1770; x_wconf 94' lang='lat' dir='ltr'>in</span> <span class='ocrx_word' id='word_1_110' title='bbox 779 1692 924 1771; x_wconf 73' lang='lat' dir='ltr'>melitem</span> <span class='ocrx_word' id='word_1_111' title='bbox 938 1705 1120 1783; x_wconf 89' lang='lat' dir='ltr'>veniebant,</span> <span class='ocrx_word' id='word_1_112' title='bbox 1132 1728 1214 1791; x_wconf 89' lang='lat' dir='ltr'>quae</span> <span class='ocrx_word' id='word_1_113' title='bbox 1229 1705 1365 1769; x_wconf 88' lang='lat' dir='ltr'>dicenda</span> 
     </span>
     <span class='ocr_line' id='line_1_14' title="bbox 206 1810 1362 1898; baseline -0.003 -21"><span class='ocrx_word' id='word_1_114' title='bbox 206 1822 352 1898; x_wconf 89' lang='lat' dir='ltr'>putarem</span> <span class='ocrx_word' id='word_1_115' title='bbox 378 1811 419 1875; x_wconf 92' lang='lat' dir='ltr'>de</span> <span class='ocrx_word' id='word_1_116' title='bbox 442 1819 559 1874; x_wconf 87' lang='lat' dir='ltr'>natura</span> <span class='ocrx_word' id='word_1_117' title='bbox 582 1811 722 1876; x_wconf 90' lang='lat' dir='ltr'>deorum.</span> <span class='ocrx_word' id='word_1_118' title='bbox 768 1812 818 1874; x_wconf 85' lang='lat' dir='ltr'>Tu</span> <span class='ocrx_word' id='word_1_119' title='bbox 842 1820 961 1888; x_wconf 88' lang='lat' dir='ltr'>autem,</span> <span class='ocrx_word' id='word_1_120' title='bbox 985 1811 1091 1890; x_wconf 76' lang='lat' dir='ltr'>Cotta,</span> <span class='ocrx_word' id='word_1_121' title='bbox 1114 1811 1141 1875; x_wconf 88' lang='lat' dir='ltr'>si</span> <span class='ocrx_word' id='word_1_122' title='bbox 1164 1833 1218 1875; x_wconf 89' lang='lat' dir='ltr'>me</span> <span class='ocrx_word' id='word_1_123' title='bbox 1240 1810 1362 1889; x_wconf 72' lang='lat' dir='ltr'>audias</span> 
     </span>
     <span class='ocr_line' id='line_1_15' title="bbox 155 1912 1363 1998; baseline 0 -22"><span class='ocrx_word' id='word_1_124' title='bbox 155 1929 157 1933; x_wconf 88' lang='grc'><strong><em>·</em></strong></span> <span class='ocrx_word' id='word_1_125' title='bbox 206 1912 343 1977; x_wconf 91' lang='lat' dir='ltr'>eandem</span> <span class='ocrx_word' id='word_1_126' title='bbox 365 1933 494 1976; x_wconf 88' lang='lat' dir='ltr'>causam</span> <span class='ocrx_word' id='word_1_127' title='bbox 516 1933 593 1995; x_wconf 86' lang='lat' dir='ltr'>agas</span> <span class='ocrx_word' id='word_1_128' title='bbox 615 1921 713 1996; x_wconf 84' lang='lat' dir='ltr'>teque</span> <span class='ocrx_word' id='word_1_129' title='bbox 735 1920 769 1976; x_wconf 90' lang='lat' dir='ltr'>et</span> <span class='ocrx_word' id='word_1_130' title='bbox 790 1913 969 1998; x_wconf 89' lang='lat' dir='ltr'>principem</span> <span class='ocrx_word' id='word_1_131' title='bbox 993 1914 1095 1977; x_wconf 90' lang='lat' dir='ltr'>civem</span> <span class='ocrx_word' id='word_1_132' title='bbox 1122 1921 1156 1978; x_wconf 90' lang='lat' dir='ltr'>et</span> <span class='ocrx_word' id='word_1_133' title='bbox 1177 1913 1363 1998; x_wconf 88' lang='lat' dir='ltr'>pontificem</span> 
     </span>
     <span class='ocr_line' id='line_1_16' title="bbox 207 2017 1414 2104; baseline -0.001 -22"><span class='ocrx_word' id='word_1_134' title='bbox 207 2039 276 2082; x_wconf 90' lang='lat' dir='ltr'>esse</span> <span class='ocrx_word' id='word_1_135' title='bbox 303 2018 423 2102; x_wconf 87' lang='lat' dir='ltr'>cogites</span> <span class='ocrx_word' id='word_1_136' title='bbox 449 2026 490 2093; x_wconf 90' lang='lat' dir='ltr'>et,</span> <span class='ocrx_word' id='word_1_137' title='bbox 517 2017 671 2101; x_wconf 89' lang='lat' dir='ltr'>quoniam</span> <span class='ocrx_word' id='word_1_138' title='bbox 698 2020 732 2081; x_wconf 92' lang='lat' dir='ltr'>in</span> <span class='ocrx_word' id='word_1_139' title='bbox 755 2028 927 2104; x_wconf 89' lang='lat' dir='ltr'>utramque</span> <span class='ocrx_word' id='word_1_140' title='bbox 945 2027 1072 2104; x_wconf 84' lang='lat' dir='ltr'>partem</span> <span class='ocrx_word' id='word_1_141' title='bbox 1093 2019 1183 2083; x_wconf 89' lang='lat' dir='ltr'>vobis</span> <span class='ocrx_word' id='word_1_142' title='bbox 1201 2019 1277 2082; x_wconf 90' lang='lat' dir='ltr'>licet</span> <span class='ocrx_word' id='word_1_143' title='bbox 1300 2018 1364 2081; x_wconf 89' lang='lat' dir='ltr'>dis-</span> <span class='ocrx_word' id='word_1_144' title='bbox 1379 2033 1414 2094; x_wconf 87' lang='lat'>15</span> 
     </span>
     <span class='ocr_line' id='line_1_17' title="bbox 207 2121 1397 2208; baseline 0.001 -22"><span class='ocrx_word' id='word_1_145' title='bbox 207 2129 331 2207; x_wconf 90' lang='lat' dir='ltr'>putare,</span> <span class='ocrx_word' id='word_1_146' title='bbox 347 2122 431 2186; x_wconf 90' lang='lat' dir='ltr'>hanc</span> <span class='ocrx_word' id='word_1_147' title='bbox 449 2121 558 2205; x_wconf 90' lang='lat' dir='ltr'>potius</span> <span class='ocrx_word' id='word_1_148' title='bbox 577 2145 684 2186; x_wconf 90' lang='lat' dir='ltr'>sumas</span> <span class='ocrx_word' id='word_1_149' title='bbox 705 2144 842 2207; x_wconf 89' lang='lat' dir='ltr'>eamque</span> <span class='ocrx_word' id='word_1_150' title='bbox 862 2124 1051 2188; x_wconf 86' lang='lat' dir='ltr'>facultatem</span> <span class='ocrx_word' id='word_1_151' title='bbox 1066 2123 1251 2201; x_wconf 86' lang='lat' dir='ltr'>disserendi,</span> <span class='ocrx_word' id='word_1_152' title='bbox 1266 2145 1364 2208; x_wconf 91' lang='lat' dir='ltr'>quam</span> <span class='ocrx_word' id='word_1_153' title='bbox 1394 2145 1397 2150; x_wconf 87' lang='lat'>·</span> 
     </span>
     <span class='ocr_line' id='line_1_18' title="bbox 208 2208 1364 2311; baseline 0.001 -23"><span class='ocrx_word' id='word_1_154' title='bbox 208 2224 269 2288; x_wconf 90' lang='lat' dir='ltr'>tibi</span> <span class='ocrx_word' id='word_1_155' title='bbox 296 2246 315 2288; x_wconf 92' lang='lat' dir='ltr'>a</span> <span class='ocrx_word' id='word_1_156' title='bbox 338 2224 505 2288; x_wconf 87' lang='lat' dir='ltr'>rhetoricis</span> <span class='ocrx_word' id='word_1_157' title='bbox 531 2208 815 2289; x_wconf 88' lang='lat' dir='ltr'>exercitationibus</span> <span class='ocrx_word' id='word_1_158' title='bbox 842 2236 1007 2311; x_wconf 88' lang='lat' dir='ltr'>acceptam</span> <span class='ocrx_word' id='word_1_159' title='bbox 1037 2225 1248 2311; x_wconf 89' lang='lat' dir='ltr'>amplificavit</span> <span class='ocrx_word' id='word_1_160' title='bbox 1281 2225 1364 2290; x_wconf 86' lang='lat' dir='ltr'>Aca·</span> 
     </span>
     <span class='ocr_line' id='line_1_19' title="bbox 209 2327 1365 2415; baseline 0.002 -23"><span class='ocrx_word' id='word_1_161' title='bbox 209 2328 325 2406; x_wconf 88' lang='lat' dir='ltr'>demia,</span> <span class='ocrx_word' id='word_1_162' title='bbox 347 2328 456 2413; x_wconf 91' lang='lat' dir='ltr'>potius</span> <span class='ocrx_word' id='word_1_163' title='bbox 480 2329 543 2392; x_wconf 92' lang='lat' dir='ltr'>huc</span> <span class='ocrx_word' id='word_1_164' title='bbox 566 2328 715 2393; x_wconf 86' lang='lat' dir='ltr'>conferas.</span> <span class='ocrx_word' id='word_1_165' title='bbox 761 2327 850 2392; x_wconf 85' lang='lat' dir='ltr'>Mala</span> <span class='ocrx_word' id='word_1_166' title='bbox 873 2330 960 2394; x_wconf 89' lang='lat' dir='ltr'>enim</span> <span class='ocrx_word' id='word_1_167' title='bbox 985 2338 1018 2395; x_wconf 89' lang='lat' dir='ltr'>et</span> <span class='ocrx_word' id='word_1_168' title='bbox 1040 2331 1142 2415; x_wconf 91' lang='lat' dir='ltr'>impia</span> <span class='ocrx_word' id='word_1_169' title='bbox 1168 2330 1365 2395; x_wconf 86' lang='lat' dir='ltr'>consuetudo</span> 
     </span>
     <span class='ocr_line' id='line_1_20' title="bbox 48 2430 1308 2516; baseline 0.002 -21"><span class='ocrx_word' id='word_1_170' title='bbox 48 2456 59 2474; x_wconf 87' lang='lat'><strong>·</strong></span> <span class='ocrx_word' id='word_1_171' title='bbox 165 2497 168 2504; x_wconf 79' lang='grc'>,</span> <span class='ocrx_word' id='word_1_172' title='bbox 208 2440 257 2495; x_wconf 86' lang='lat' dir='ltr'>est</span> <span class='ocrx_word' id='word_1_173' title='bbox 272 2439 383 2495; x_wconf 91' lang='lat' dir='ltr'>contra</span> <span class='ocrx_word' id='word_1_174' title='bbox 398 2430 476 2495; x_wconf 88' lang='lat' dir='ltr'>deos</span> <span class='ocrx_word' id='word_1_175' title='bbox 491 2430 688 2516; x_wconf 90' lang='lat' dir='ltr'>disputandi,</span> <span class='ocrx_word' id='word_1_176' title='bbox 705 2431 771 2496; x_wconf 90' lang='lat' dir='ltr'>sive</span> <span class='ocrx_word' id='word_1_177' title='bbox 787 2454 827 2496; x_wconf 84' lang='lat' dir='ltr'>ex</span> <span class='ocrx_word' id='word_1_178' title='bbox 842 2431 950 2496; x_wconf 89' lang='lat' dir='ltr'>animo</span> <span class='ocrx_word' id='word_1_179' title='bbox 965 2431 999 2496; x_wconf 93' lang='lat' dir='ltr'>id</span> <span class='ocrx_word' id='word_1_180' title='bbox 1013 2431 1052 2497; x_wconf 89' lang='lat' dir='ltr'>fit</span> <span class='ocrx_word' id='word_1_181' title='bbox 1067 2431 1134 2496; x_wconf 86' lang='lat' dir='ltr'>sive</span> <span class='ocrx_word' id='word_1_182' title='bbox 1150 2432 1308 2497; x_wconf 89' lang='lat' dir='ltr'>simulate.</span> 
     </span>
    </p>
   </div>
   <div class='ocr_carea' id='block_1_3' title="bbox 208 2642 1437 2871">
    <p class='ocr_par' dir='ltr' id='par_1_3' title="bbox 208 2642 1437 2871">
     <span class='ocr_line' id='line_1_21' title="bbox 257 2642 1366 2707; baseline -0.001 -14"><span class='ocrx_word' id='word_1_183' title='bbox 257 2644 271 2692; x_wconf 94' lang='lat'>1</span> <span class='ocrx_word' id='word_1_184' title='bbox 288 2646 351 2693; x_wconf 78' lang='lat' dir='ltr'>extis</span> <span class='ocrx_word' id='word_1_185' title='bbox 369 2648 412 2693; x_wconf 73' lang='lat' dir='ltr'>NR</span> <span class='ocrx_word' id='word_1_186' title='bbox 429 2642 491 2694; x_wconf 70' lang='lat' dir='ltr'>Rau</span> <span class='ocrx_word' id='word_1_187' title='bbox 505 2643 597 2693; x_wconf 78' lang='lat' dir='ltr'>Lamb.</span> <span class='ocrx_word' id='word_1_188' title='bbox 615 2643 682 2707; x_wconf 67' lang='lat' dir='ltr'>edd„</span> <span class='ocrx_word' id='word_1_189' title='bbox 702 2646 731 2693; x_wconf 75' lang='lat' dir='ltr'>or</span> <span class='ocrx_word' id='word_1_190' title='bbox 748 2646 813 2693; x_wconf 77' lang='lat' dir='ltr'>eatis</span> <span class='ocrx_word' id='word_1_191' title='bbox 830 2643 855 2692; x_wconf 88' lang='lat' dir='ltr'>X</span> <span class='ocrx_word' id='word_1_192' title='bbox 872 2643 931 2693; x_wconf 77' lang='lat' dir='ltr'>Oxi.</span> <span class='ocrx_word' id='word_1_193' title='bbox 950 2643 1102 2698; x_wconf 72' lang='lat' dir='ltr'>Uffl04.</span> <span class='ocrx_word' id='word_1_194' title='bbox 1203 2644 1366 2705; x_wconf 50' lang='grc'><strong>41119111-</strong></span> 
     </span>
     <span class='ocr_line' id='line_1_22' title="bbox 208 2724 1366 2790; baseline 0.002 -18"><span class='ocrx_word' id='word_1_195' title='bbox 208 2726 286 2787; x_wconf 74' lang='lat' dir='ltr'>copiis</span> <span class='ocrx_word' id='word_1_196' title='bbox 298 2739 383 2774; x_wconf 83' lang='lat' dir='ltr'>comes</span> <span class='ocrx_word' id='word_1_197' title='bbox 400 2729 428 2775; x_wconf 85' lang='lat' dir='ltr'>at</span> <span class='ocrx_word' id='word_1_198' title='bbox 445 2724 490 2774; x_wconf 88' lang='lat' dir='ltr'>the</span> <span class='ocrx_word' id='word_1_199' title='bbox 506 2727 558 2774; x_wconf 89' lang='lat' dir='ltr'>end</span> <span class='ocrx_word' id='word_1_200' title='bbox 575 2725 603 2775; x_wconf 83' lang='lat' dir='ltr'>ol</span> <span class='ocrx_word' id='word_1_201' title='bbox 617 2725 662 2775; x_wconf 82' lang='lat' dir='ltr'>the</span> <span class='ocrx_word' id='word_1_202' title='bbox 675 2729 688 2786; x_wconf 66' lang='grc' dir='ltr'><strong>ξ</strong></span> <span class='ocrx_word' id='word_1_203' title='bbox 703 2727 778 2788; x_wconf 83' lang='lat' dir='ltr'>(after</span> <span class='ocrx_word' id='word_1_204' title='bbox 790 2741 874 2788; x_wconf 80' lang='lat' dir='ltr'>parva</span> <span class='ocrx_word' id='word_1_205' title='bbox 889 2726 1033 2790; x_wconf 70' lang='lat' dir='ltr'>aepleyuat)</span> <span class='ocrx_word' id='word_1_206' title='bbox 1045 2726 1074 2774; x_wconf 91' lang='lat' dir='ltr'>in</span> <span class='ocrx_word' id='word_1_207' title='bbox 1085 2726 1122 2775; x_wconf 84' lang='lat' dir='ltr'>all</span> <span class='ocrx_word' id='word_1_208' title='bbox 1132 2739 1181 2775; x_wconf 74' lang='lat' dir='ltr'>uss</span> <span class='ocrx_word' id='word_1_209' title='bbox 1192 2725 1244 2774; x_wconf 84' lang='lat' dir='ltr'>and</span> <span class='ocrx_word' id='word_1_210' title='bbox 1255 2724 1312 2775; x_wconf 90' lang='lat' dir='ltr'>edd.</span> <span class='ocrx_word' id='word_1_211' title='bbox 1325 2739 1366 2774; x_wconf 85' lang='lat' dir='ltr'>see</span> 
     </span>
     <span class='ocr_line' id='line_1_23' title="bbox 209 2807 1437 2871; baseline -0.001 -14"><span class='ocrx_word' id='word_1_212' title='bbox 209 2808 309 2857; x_wconf 84' lang='lat' dir='ltr'>Gomm.</span> <span class='ocrx_word' id='word_1_213' title='bbox 408 2810 569 2870; x_wconf 77' lang='lat' dir='ltr'>5prosperae</span> <span class='ocrx_word' id='word_1_214' title='bbox 590 2824 684 2870; x_wconf 74' lang='lat' dir='ltr'>semper</span> <span class='ocrx_word' id='word_1_215' title='bbox 705 2807 839 2866; x_wconf 81' lang='lat' dir='ltr'>AOPBHO,</span> <span class='ocrx_word' id='word_1_216' title='bbox 859 2823 975 2871; x_wconf 77' lang='lat' dir='ltr'>prospere</span> <span class='ocrx_word' id='word_1_217' title='bbox 997 2824 1090 2871; x_wconf 82' lang='lat' dir='ltr'>semper</span> <span class='ocrx_word' id='word_1_218' title='bbox 1111 2808 1227 2869; x_wconf 82' lang='lat' dir='ltr'>BEV1G,</span> <span class='ocrx_word' id='word_1_219' title='bbox 1248 2822 1366 2870; x_wconf 77' lang='lat' dir='ltr'>prospere</span> <span class='ocrx_word' id='word_1_220' title='bbox 1433 2815 1437 2819; x_wconf 88' lang='grc'><strong>’</strong></span> 
     </span>
    </p>
   </div>
   <div class='ocr_carea' id='block_1_4' title="bbox 208 2889 1469 3279">
    <p class='ocr_par' dir='ltr' id='par_1_4' title="bbox 208 2889 1367 3037">
     <span class='ocr_line' id='line_1_24' title="bbox 209 2889 1366 2955; baseline 0.004 -17"><span class='ocrx_word' id='word_1_221' title='bbox 209 2890 473 2952; x_wconf 72' lang='lat' dir='ltr'>eveniuntremperW</span> <span class='ocrx_word' id='word_1_222' title='bbox 485 2889 543 2939; x_wconf 72' lang='lat' dir='ltr'>Oxi.</span> <span class='ocrx_word' id='word_1_223' title='bbox 555 2890 648 2950; x_wconf 70' lang='lat' dir='ltr'>Um,</span> <span class='ocrx_word' id='word_1_224' title='bbox 664 2907 781 2954; x_wconf 71' lang='lat' dir='ltr'>proripere</span> <span class='ocrx_word' id='word_1_225' title='bbox 791 2908 885 2955; x_wconf 77' lang='lat' dir='ltr'>semper</span> <span class='ocrx_word' id='word_1_226' title='bbox 895 2894 1045 2943; x_wconf 70' lang='lat' dir='ltr'>eveniantlt</span> <span class='ocrx_word' id='word_1_227' title='bbox 1056 2892 1117 2943; x_wconf 85' lang='lat' dir='ltr'>Rod.</span> <span class='ocrx_word' id='word_1_228' title='bbox 1135 2894 1193 2945; x_wconf 82' lang='lat' dir='ltr'>Sch.</span> <span class='ocrx_word' id='word_1_229' title='bbox 1295 2897 1366 2946; x_wconf 77' lang='lat' dir='ltr'>&#39;lita</span> 
     </span>
     <span class='ocr_line' id='line_1_25' title="bbox 208 2970 1367 3037; baseline 0.003 -17"><span class='ocrx_word' id='word_1_230' title='bbox 208 2970 371 3032; x_wconf 77' lang='lat' dir='ltr'>refellendam</span> <span class='ocrx_word' id='word_1_231' title='bbox 386 2984 434 3019; x_wconf 76' lang='lat' dir='ltr'>uss</span> <span class='ocrx_word' id='word_1_232' title='bbox 450 2970 525 3019; x_wconf 82' lang='lat' dir='ltr'>Allen</span> <span class='ocrx_word' id='word_1_233' title='bbox 542 2970 626 3032; x_wconf 83' lang='lat' dir='ltr'>Klotz,</span> <span class='ocrx_word' id='word_1_234' title='bbox 639 2974 668 3021; x_wconf 76' lang='lat' dir='ltr'>tc</span> <span class='ocrx_word' id='word_1_235' title='bbox 685 2975 725 3021; x_wconf 80' lang='lat' dir='ltr'>ito</span> <span class='ocrx_word' id='word_1_236' title='bbox 742 2975 823 3036; x_wconf 82' lang='lat' dir='ltr'>resell.</span> <span class='ocrx_word' id='word_1_237' title='bbox 837 2972 895 3023; x_wconf 88' lang='lat' dir='ltr'>edd.</span> <span class='ocrx_word' id='word_1_238' title='bbox 908 2974 974 3023; x_wconf 84' lang='lat' dir='ltr'>after</span> <span class='ocrx_word' id='word_1_239' title='bbox 989 2973 1093 3033; x_wconf 69' lang='lat' dir='ltr'>Heind„</span> <span class='ocrx_word' id='word_1_240' title='bbox 1110 2975 1139 3023; x_wconf 81' lang='lat' dir='ltr'>id</span> <span class='ocrx_word' id='word_1_241' title='bbox 1155 2976 1194 3022; x_wconf 79' lang='lat' dir='ltr'>ito</span> <span class='ocrx_word' id='word_1_242' title='bbox 1207 2976 1367 3037; x_wconf 74' lang='lat' dir='ltr'>premendam</span> 
     </span>
    </p>

    <p class='ocr_par' dir='ltr' id='par_1_5' title="bbox 209 3051 1469 3279">
     <span class='ocr_line' id='line_1_26' title="bbox 209 3051 1366 3122; baseline 0.005 -21"><span class='ocrx_word' id='word_1_243' title='bbox 209 3051 278 3114; x_wconf 85' lang='lat' dir='ltr'>conj.</span> <span class='ocrx_word' id='word_1_244' title='bbox 290 3051 333 3101; x_wconf 91' lang='lat' dir='ltr'>Or.</span> <span class='ocrx_word' id='word_1_245' title='bbox 346 3066 387 3101; x_wconf 82' lang='lat' dir='ltr'>see</span> <span class='ocrx_word' id='word_1_246' title='bbox 399 3051 499 3102; x_wconf 84' lang='lat' dir='ltr'>Gomm.</span> <span class='ocrx_word' id='word_1_247' title='bbox 572 3053 604 3101; x_wconf 87' lang='grc'>14</span> <span class='ocrx_word' id='word_1_248' title='bbox 620 3069 690 3116; x_wconf 72' lang='lat' dir='ltr'>opor,</span> <span class='ocrx_word' id='word_1_249' title='bbox 702 3069 759 3117; x_wconf 69' lang='lat' dir='ltr'>aper</span> <span class='ocrx_word' id='word_1_250' title='bbox 772 3055 831 3105; x_wconf 81' lang='lat' dir='ltr'>Sch.</span> <span class='ocrx_word' id='word_1_251' title='bbox 844 3055 888 3117; x_wconf 81' lang='lat' dir='ltr'>(by</span> <span class='ocrx_word' id='word_1_252' title='bbox 898 3054 1009 3104; x_wconf 84' lang='lat' dir='ltr'>mistake</span> <span class='ocrx_word' id='word_1_253' title='bbox 1021 3056 1052 3122; x_wconf 74' lang='grc'>1).</span> <span class='ocrx_word' id='word_1_254' title='bbox 1129 3056 1160 3106; x_wconf 83' lang='grc'>15</span> <span class='ocrx_word' id='word_1_255' title='bbox 1176 3056 1366 3119; x_wconf 80' lang='lat' dir='ltr'>cotir[X]B1·0,</span> 
     </span>
     <span class='ocr_line' id='line_1_27' title="bbox 210 3125 1469 3203; baseline 0.003 -21"><span class='ocrx_word' id='word_1_256' title='bbox 210 3135 297 3197; x_wconf 78' lang='lat' dir='ltr'>qcocts</span> <span class='ocrx_word' id='word_1_257' title='bbox 307 3133 340 3182; x_wconf 87' lang='lat' dir='ltr'>V¹</span> <span class='ocrx_word' id='word_1_258' title='bbox 352 3133 410 3184; x_wconf 82' lang='lat' dir='ltr'>Oxf.</span> <span class='ocrx_word' id='word_1_259' title='bbox 422 3133 487 3193; x_wconf 84' lang='lat' dir='ltr'>U÷,</span> <span class='ocrx_word' id='word_1_260' title='bbox 499 3136 569 3183; x_wconf 62' lang='lat' dir='ltr'>nobit</span> <span class='ocrx_word' id='word_1_261' title='bbox 580 3139 610 3186; x_wconf 73' lang='lat' dir='ltr'>R</span> <span class='ocrx_word' id='word_1_262' title='bbox 678 3136 709 3187; x_wconf 81' lang='lat'>17</span> <span class='ocrx_word' id='word_1_263' title='bbox 726 3145 859 3199; x_wconf 79' lang='lat' dir='ltr'>acceptam,</span> <span class='ocrx_word' id='word_1_264' title='bbox 869 3152 922 3187; x_wconf 90' lang='lat' dir='ltr'>om.</span> <span class='ocrx_word' id='word_1_265' title='bbox 932 3137 975 3187; x_wconf 89' lang='lat' dir='ltr'>Or.</span> <span class='ocrx_word' id='word_1_266' title='bbox 984 3137 1032 3188; x_wconf 86' lang='lat' dir='ltr'>Ba.</span> <span class='ocrx_word' id='word_1_267' title='bbox 1043 3137 1085 3202; x_wconf 84' lang='lat' dir='ltr'>(by</span> <span class='ocrx_word' id='word_1_268' title='bbox 1096 3136 1227 3203; x_wconf 83' lang='lat' dir='ltr'>mistake).</span> <span class='ocrx_word' id='word_1_269' title='bbox 1294 3137 1326 3187; x_wconf 80' lang='lat' dir='ltr'>la</span> <span class='ocrx_word' id='word_1_270' title='bbox 1342 3135 1376 3186; x_wconf 81' lang='lat' dir='ltr'>et&#39;</span> <span class='ocrx_word' id='word_1_271' title='bbox 1465 3125 1469 3133; x_wconf 52' lang='lat'>⁸</span> 
     </span>
     <span class='ocr_line' id='line_1_28' title="bbox 210 3212 804 3279; baseline 0.007 -17"><span class='ocrx_word' id='word_1_272' title='bbox 210 3215 290 3276; x_wconf 77' lang='lat' dir='ltr'>impia</span> <span class='ocrx_word' id='word_1_273' title='bbox 302 3212 388 3273; x_wconf 75' lang='lat' dir='ltr'>‹th</span> <span class='ocrx_word' id='word_1_274' title='bbox 400 3221 425 3264; x_wconf 85' lang='lat' dir='ltr'>et</span> <span class='ocrx_word' id='word_1_275' title='bbox 436 3216 522 3278; x_wconf 77' lang='lat' dir='ltr'>cmpia</span> <span class='ocrx_word' id='word_1_276' title='bbox 533 3215 573 3276; x_wconf 79' lang='lat' dir='ltr'>V1,</span> <span class='ocrx_word' id='word_1_277' title='bbox 587 3218 665 3266; x_wconf 82' lang='lat' dir='ltr'>etiam</span> <span class='ocrx_word' id='word_1_278' title='bbox 672 3219 721 3279; x_wconf 80' lang='lat' dir='ltr'>pia</span> <span class='ocrx_word' id='word_1_279' title='bbox 731 3217 804 3268; x_wconf 84' lang='lat' dir='ltr'><strong>ABP.</strong></span> 
     </span>
    </p>
   </div>
   <div class='ocr_carea' id='block_1_5' title="bbox 0 0 1526 4966">
    <p class='ocr_par' dir='ltr' id='par_1_6' title="bbox 0 0 1526 4966">
     <span class='ocr_line' id='line_1_29' title="bbox 0 0 1526 4966; baseline 0 0"><span class='ocrx_word' id='word_1_280' title='bbox 0 0 1526 4966; x_wconf 95' lang='lat' dir='ltr'> </span> 
     </span>
    </p>
   </div>
  </div>
 </body>
</html>
