3016 4966
217 389 238 450 8
603 401 650 448 nr
671 399 814 449 urruns
835 399 990 448 nuceum

215 548 321 634 ipsam
336 548 475 627 oausam,
491 549 578 634 quod
594 549 694 614 etiam
708 549 903 634 quibusdam
918 546 1105 631 regionibus
1122 553 1221 631 atque
1240 543 1375 609 urbibus

217 652 403 737 contingere
417 652 572 728 videmus,
587 651 754 716 hebetiora
768 661 807 716 ut
821 652 889 716 sint
908 652 1076 715 hominum
1096 649 1226 735 ingenia
1244 656 1376 734 propter

217 756 298 820 caeli
312 754 490 840 pleniorem
505 763 664 831 naturam,
676 755 736 819 hoc
747 755 832 819 idem
844 754 956 840 generi
967 747 1109 818 humano
1124 753 1277 830 evenerit,
1289 751 1376 838 quod

169 867 206 926 18
218 859 360 943 interra,
372 858 432 922 boo
446 867 496 922 est
511 858 546 921 in
561 857 735 922 crassissim
771 857 902 942 regione
917 856 1039 934 mundi,
1049 855 1201 921 collocati
1210 856 1294 920 sint?
1330 856 1376 919 Et

217 971 329 1026 tamen
346 983 386 1026 ex
406 961 476 1046 ipsa
494 961 665 1026 hominum
684 880 913 1026 sditiffiissse
928 962 1070 1047 aliquam
1085 962 1200 1027 arandi
1220 969 1375 1052 mentem,
1410 979 1427 1040 5

219 1074 253 1129 et
282 1086 355 1128 eam
384 1064 515 1149 quidem
544 1064 698 1129 aeriorem
735 1073 769 1130 et
806 1065 959 1142 divinam,
990 1064 1174 1129 existimare
1210 1064 1374 1129 debemus

111 1245 115 1275 ἱ
220 1167 348 1231 ‘Unde
378 1166 477 1231 enim
508 1167 603 1232 hano
634 1167 742 1231 bomo
773 1165 969 1252 arripuitt’
1002 1175 1041 1231 ut
1067 1167 1115 1231 ait
1146 1166 1233 1253 apud
1265 1166 1375 1230 Xeno-

94 1352 100 1361 Ι
181 1266 189 1299 ⁵·
217 1270 375 1356 phontem
395 1270 549 1336 Socrates„
593 1270 682 1350 Ωιι-ἱ]
705 1279 738 1335 et
760 1263 907 1336 umorem
930 1279 964 1336 et
986 1271 1132 1348 calorem,
1148 1270 1205 1356 qui
1220 1278 1270 1336 est
1283 1271 1375 1335 fusus

96 1419 128 1471 tl
148 1358 209 1450 vtio
217 1375 252 1438 in
277 1395 416 1459 corpore,
443 1382 477 1438 et
502 1382 670 1445 terrenam
689 1373 793 1459 ipsam
817 1363 975 1438 viseerum
1000 1374 1206 1449 soliditatem,
1228 1373 1373 1438 animam
1400 1378 1402 1382 '

200 1479 357 1563 denique
391 1479 483 1543 illam
512 1478 706 1563 spirabilem,
735 1478 762 1542 si
791 1479 864 1564 quis
893 1487 1036 1562 quaerat,
1065 1479 1152 1543 unde
1186 1478 1372 1556 habeamus,
1389 1497 1427 1538 10

217 1589 360 1666 apparet,-
379 1580 465 1664 quod
485 1580 574 1644 aliud
597 1602 617 1643 a
639 1588 726 1644 terra
748 1568 1059 1664 sumpsimusaliud
1080 1581 1123 1644 ab
1146 1577 1373 1656 umore-aliud

216 1684 258 1747 ab
281 1683 357 1767 igni,
373 1682 463 1746 aliud
481 1682 524 1746 ab
547 1688 620 1745 aere
643 1702 691 1757 eo,-
705 1703 803 1765 quem
824 1682 944 1767 spirata
966 1682 1118 1748 ducimus.
1163 1682 1252 1748 VIL
1284 1681 1373 1746 Illud

217 1795 337 1863 autem,
362 1786 448 1869 quod
477 1785 580 1850 vincit
608 1785 688 1849 haec
714 1785 830 1863 omnia,
856 1785 1015 1850 rationem
1041 1785 1112 1850 dico
1139 1794 1182 1866 et,
1208 1787 1236 1850 si
1264 1786 1373 1872 placet

120 1891 145 1936 ἵ
216 1888 364 1972 pluribus
386 1886 501 1964 verbis,
519 1895 672 1964 mentem,
696 1887 873 1963 consilium,
898 1890 1136 1974 cogitationem,
1156 1889 1372 1975 prudentiam,
1403 1967 1406 1971 ἵ

216 1990 274 2054 ubi
293 1989 493 2073 invenimus?
516 1990 603 2053 unde
623 1989 831 2073 sustulimus?
874 1991 930 2055 An
949 2000 1057 2071 cetera
1076 1992 1217 2057 mundus
1237 1991 1372 2056 habebit
1389 2013 1424 2074 15

215 2097 332 2173 omnia,
344 2095 407 2159 hoo
427 2105 538 2172 unu'm,
553 2096 640 2181 quod
654 2096 787 2180 plurimi
805 2105 861 2173 est,
877 2119 941 2161 uon
957 2095 1114 2162 habebat
1159 2097 1266 2182 Atqui
1284 2104 1372 2160 certe

216 2199 298 2263 nihil
328 2198 474 2262 omnium
503 2219 611 2262 rerum
639 2197 756 2262 melius
786 2208 836 2263 est
864 2199 995 2276 mundo,
1025 2199 1108 2264 nihil
1136 2201 1371 2291 praestabilius
1397 2208 1490 2274 itus*

121 2325 123 2328 ·
209 2304 298 2368 nihil
322 2302 496 2390 pulchrius
522 2324 581 2366 neo
607 2303 710 2367 solum
734 2303 817 2366 nihil
832 2307 902 2381 est,
928 2303 984 2368 sed
1011 2326 1052 2368 ne
1078 2305 1212 2389 cogitari
1239 2305 1372 2390 quidem
1472 2351 1474 2355 ,

152 2495 154 2498 .
215 2407 390 2492 quicquam
406 2406 525 2470 melius
543 2414 673 2491 potest-¹
705 2405 749 2470 Et
772 2406 798 2470 si
820 2405 945 2470 ratione
971 2415 1006 2471 et
1031 2408 1191 2492 sapientia
1215 2408 1298 2472 nihil
1322 2416 1372 2473 est

167 2534 169 2538 ·
216 2513 339 2592 melius,
354 2533 482 2575 necesse
505 2519 555 2574 est
576 2510 655 2574 baec
675 2509 779 2574 inesse
798 2509 834 2573 in
853 2532 900 2587 eo,
915 2510 1001 2595 quod
1023 2511 1182 2596 optimum
1206 2533 1275 2577 esse
1296 2534 1371 2576 con·
1386 2532 1425 2588 ²⁴0

164 2626 200 2685 19
215 2618 367 2682 cedimus·
408 2615 499 2694 ,Quid
517 2618 610 2690 vero?
628 2623 721 2679 tanta
735 2636 842 2678 rerum
863 2603 1074 2691 consentiens,
1091 2615 1282 2700 conspirans,
1297 2638 1372 2680 con·

215 2721 344 2785 tinuata
372 2718 529 2803 cognatio·
547 2739 645 2802 quem
674 2739 739 2781 nou
767 2725 860 2802 coget
891 2739 939 2795 ea,
968 2740 1051 2803 quae
1081 2718 1234 2782 dicuntur
1258 2741 1279 2782 a
1306 2740 1370 2797 me,

215 2824 442 2910 comprobaret
495 2823 651 2886 Possetne
687 2845 753 2887 uno
790 2831 936 2907 tempore
970 2823 1091 2902 llorere,
1121 2823 1197 2888 dein
1230 2824 1371 2904 vicissim

215 2912 344 2992 horrere
359 2928 461 2990 terra?
484 2933 545 2990 aut
556 2932 607 2988 tot
622 2925 717 2989 rebus
731 2924 810 3011 ipsis
825 2916 858 2990 se
872 2925 1123 2991 immutantibus
1138 2927 1212 2991 solis
1228 2949 1371 2993 accessus

216 3034 435 3116 discessusque
460 3030 605 3096 solstitiis
634 3031 821 3116 brumisque
850 3032 1019 3115 cognoscit
1053 3039 1111 3096 aut
1140 3039 1248 3096 aestus
1276 3032 1372 3096 mari-
1386 3050 1424 3110 ²5

215 3136 289 3201 timi
309 3135 530 3219 fretorumque
552 3133 721 3218 angustiae
743 3143 816 3198 ortu
839 3143 898 3198 aut
920 3134 1009 3199 obitu
1034 3133 1131 3199 lunae
1157 3136 1372 3202 commoverit

215 3249 274 3306 aut
293 3262 360 3304 una
376 3238 477 3302 totius
497 3238 577 3302 caeli
599 3239 802 3302 conversione
824 3260 935 3302 cursus
952 3240 1111 3316 astrorum
1134 3239 1276 3323 dispares
1297 3261 1373 3303 oon·

216 3341 357 3432 servarit
382 3339 494 3425 ‘Haeo
516 3340 564 3404 ita
585 3339 655 3404 fieri
677 3340 827 3404 omnibus
849 3340 935 3404 inter
950 3362 983 3404 se
999 3339 1242 3426 concinentibus
1256 3335 1372 3405 mundi

215 3447 363 3534 partibus
377 3443 598 3529 profectonon
612 3437 751 3529 possent,
765 3443 829 3509 nisi
848 3466 887 3508 ea
907 3466 972 3509 uno
994 3443 1104 3508 divino
1127 3453 1162 3508 et
1182 3445 1372 3510 continuato

264 3620 439 3683 tyranicam,
453 3617 613 3680 pinguiorem
630 3615 711 3665 Cobet
731 3617 759 3668 V.
773 3617 805 3666 L.
823 3630 849 3678 p.
868 3615 925 3665 462.
1027 3613 1054 3664 ·4
1070 3617 1123 3666 siat
1140 3615 1371 3680 barsumam,
1414 3654 1417 3658 -

214 3712 274 3755 saar
291 3702 425 3752 AlBlm'r.
523 3702 539 3750 5
555 3698 670 3762 aliquam
685 3702 772 3749 maadi
789 3699 847 3751 Ed..
857 3713 899 3749 see
916 3698 1025 3757 Gomm„
1039 3701 1154 3762 aliquam
1170 3715 1219 3749 uss
1236 3698 1289 3750 and
1305 3700 1372 3760 edd„

118 3839 120 3842 y
215 3787 295 3834 aliam
307 3799 383 3846 qaam
393 3779 461 3843 coni.
474 3779 533 3832 Sah.
611 3776 881 3831 v9catinam-illata
896 3779 1007 3842 Brieger,
1020 3781 1236 3829 animam-illam
1252 3795 1302 3830 uss
1319 3781 1373 3830 and

154 3920 156 3925 A
215 3865 271 3916 edd.
372 3864 404 3912 10
421 3862 601 3922 habearamE,
620 3864 736 3912 babemus
752 3877 802 3911 uss
818 3862 977 3925 generally.¹
1059 3862 1090 3910 11
1107 3870 1212 3925 apparet
1228 3862 1297 3912 ΒΨ
1312 3864 1371 3914 Asa.

214 3949 306 4004 111110,
328 3948 450 4005 appareat
468 3942 617 4012 scum.
724 3942 754 3990 12
771 3943 865 4005 spiritu
881 3940 948 4002 edd,
967 3942 1086 4002 spiritam
1103 3955 1160 3990 uss.
1259 3944 1372 3992 amima

216 4026 274 4086 GM,
288 4026 394 4073 dicimus
411 4037 461 4071 uss
477 4023 606 4086 generally
617 4023 659 4086 (cl.
674 4022 755 4072 below
765 4027 779 4084 ἕ
790 4023 842 4087 75).
942 4022 980 4077 16,
986 4024 1093 4085 plurimi
1105 4023 1159 4083 GH,
1170 4025 1309 4085 plurimam
1322 4038 1371 4073 uss

214 4105 352 4169 generally.
451 4103 482 4152 lo
498 4119 528 4152 ae
544 4106 652 4164 cogitari
663 4103 719 4155 1101
731 4103 788 4154 Oxi.
803 4104 870 4164 Asa,
884 4101 929 4153 aaa
940 4119 991 4165 aoy.
1007 4102 1137 4152 s²B2ans
1148 4102 1201 4152 and
1214 4102 1252 4167 (in
1263 4108 1325 4168 ras.)
1338 4106 1368 4167 V,

214 4186 327 4236 mactari
338 4183 379 4243 Bl,
391 4186 516 4244 myctica
530 4184 615 4241 A¹PH‚
627 4185 660 4233 cf.
672 4200 704 4234 111
719 4187 750 4233 23
764 4185 817 4234 and
830 4183 914 4237 Madv.
928 4186 987 4234 Fia.
1000 4199 1053 4233 exo.
1066 4187 1090 4233 3.
1189 4187 1221 4233 22
1238 4193 1307 4250 coget
1321 4201 1371 4236 uss

215 4267 356 4332 generally,
369 4266 526 4329 coyats231.
601 4267 664 4316 ’23
680 4283 738 4328 aaa,
752 4267 904 4330 neuweonj.
918 4266 1047 4316 Boubof.
1062 4269 1214 4320 Tusavtll.
1312 4271 1372 4320 dein

216 4347 394 4414 [ABGPWBQ
406 4349 494 4398 deindo
505 4349 528 4396 E
540 4347 597 4420 Asc.
607 4359 641 4402 ÷.
