3016 4966
444 348 509 396 nm.
531 348 560 395 11
581 345 653 395 cnr.
677 346 934 395 xxxr-xxxrn
955 329 995 416 ξς
1017 329 1154 399 79-85.
1334 335 1374 398 31

218 519 294 561 cum
308 496 447 562 dicimus
461 504 580 560 natura
594 503 741 559 constare
762 493 1045 579 administrarique
1065 494 1235 573 mundum,
1249 495 1377 561 nonita

218 600 364 678 dicimus,
384 607 424 663 ut
442 600 590 685 glaebam
614 606 671 663 aut
691 599 909 684 fragmentum
935 599 1051 684 lapidis
1075 607 1133 664 aut
1159 600 1281 684 aliquid
1305 599 1376 685 ejus

217 705 306 770 modi
331 704 422 769 nulla
445 703 636 768 cohaerendi
661 712 787 781 natura,
805 704 862 768 sed
886 712 924 767 ut
949 706 1105 781 arborem,
1129 713 1165 769 ut
1188 705 1318 783 animal,
1339 706 1374 769 in

218 808 337 893 quibus
366 806 458 871 nulla
487 806 661 883 temeritas,
690 806 746 871 sed
777 806 852 871 ordo
882 816 1017 892 apparet
1047 816 1081 871 et
1109 807 1187 872 artis
1214 808 1375 893 quaedam

187 911 406 994 ssimilitudo

284 1013 445 1080 XXXIII.
489 1013 613 1094 Quodsi
642 1036 688 1091 ea,
714 1036 797 1101 quae
821 1037 841 1078 a
866 1023 952 1079 terra
975 1016 1130 1102 stirpibus
1160 1016 1374 1094 continentur,
1388 1023 1426 1083 83

218 1130 288 1186 arte
301 1130 448 1186 naturae
471 1121 587 1184 vivunt
614 1129 647 1184 et
677 1120 798 1206 vigent,
823 1121 967 1205 profecto
990 1121 1062 1206 ipsa
1084 1130 1172 1185 terra
1198 1121 1311 1186 eadem
1343 1121 1374 1186 vi

218 1225 403 1291 continetur
433 1223 516 1307 [arte
545 1222 704 1306 naturae],
734 1243 854 1336 Qpe
884 1243 968 1306 quae
997 1222 1167 1306 gravidata
1195 1223 1374 1288 seminibus
1410 1250 1416 1269 ν
1475 1259 1478 1265 f

219 1325 328 1389 omnia
341 1324 447 1410 pariat
461 1332 495 1388 et
509 1323 626 1389 fundat
650 1346 691 1388 ex
709 1346 785 1400 sese,
802 1332 918 1409 stirpes
939 1324 1088 1410 amplexa
1107 1325 1174 1389 alat
1192 1335 1226 1390 et
1244 1334 1373 1411 augeat,
1390 1398 1393 1404 .

168 1456 205 1496 10
219 1430 353 1515 ipsaque
379 1429 485 1494 alatur
507 1429 648 1522 uicissim
671 1451 691 1492 a
720 1429 843 1514 superis
871 1431 1078 1516 externisque
1102 1432 1235 1496 naturis.
1280 1433 1439 1518 Ejus-W

219 1535 358 1620 demque
373 1535 644 1621 exspirationibus
663 1542 696 1598 et
712 1543 767 1598 adr
782 1535 881 1599 alitur
896 1543 930 1600 et
945 1536 1058 1600 aether
1073 1544 1107 1601 et
1127 1536 1236 1600 omnia
1250 1557 1375 1622 supera.

219 1639 282 1715 Ita,
308 1639 335 1702 si
361 1647 448 1703 terra
473 1647 591 1702 natura
616 1647 748 1702 tenetur
769 1645 803 1702 et
828 1638 926 1723 viget,
949 1638 1064 1703 eadem
1088 1639 1171 1702 ratio
1185 1639 1226 1702 'in
1249 1640 1373 1725 reliquo

219 1743 340 1806 mundo
362 1750 431 1821 est;
465 1742 580 1827 stirpes
621 1742 690 1806 nim
712 1750 816 1807 terrae
838 1743 1027 1823 inhaerent;
1058 1745 1240 1810 animantes
1263 1755 1375 1811 autem
1468 1730 1472 1735 ⁵

219 1847 413 1933 aspiratione
429 1847 512 1911 aeris
527 1765 736 1924 sustiirentur,
749 1846 883 1932 ipseque
899 1853 954 1911 aer
968 1848 1136 1912 nobiscum
1152 1849 1250 1926 videt,
1266 1849 1375 1914 nobis-

168 1972 203 2034 15
219 1974 294 2016 cum
320 1951 420 2027 audit,
447 1950 615 2015 nobiscum
640 1959 749 2031 sonat;
785 1950 869 2015 nihil
891 1951 980 2015 enim
1007 1974 1119 2016 eorum
1145 1952 1215 2016 sine
1243 1975 1280 2017 eo
1304 1952 1375 2018 fieri

219 2063 346 2141 potest;
369 2054 566 2140 quinetiam
581 2063 730 2119 movetur
745 2055 911 2119 nobiscum
926 2079 934 2136 ;
957 2078 1162 2142 quacumque
1178 2058 1265 2121 enim
1280 2058 1375 2136 imus

220 2183 424 2247 quacumque
454 2163 630 2237 movemur,
662 2159 791 2224 videtur
823 2161 917 2245 quasi
947 2161 1054 2226 locum
1084 2162 1160 2226 dare
1192 2169 1226 2226 et
1255 2162 1376 2228 cedere.

220 2264 377 2350 Quaeque
398 2264 433 2327 in
455 2263 599 2328 medium
621 2264 727 2328 locum
750 2264 873 2340 mundi,
890 2265 946 2349 qui
969 2273 1018 2329 est
1040 2264 1180 2341 infimus
1197 2273 1230 2328 et
1251 2286 1334 2348 quae
1357 2289 1377 2330 a
1391 2271 1429 2330 84

219 2371 326 2436 medio
350 2371 383 2435 in
410 2392 561 2454 superum
585 2390 732 2454 quaeque
759 2369 964 2433 conversione
990 2368 1129 2433 rotunda
1159 2369 1278 2433 circum
1308 2391 1376 2434 me-

167 2496 205 2536 20
219 2474 310 2558 dium
325 2474 481 2552 feruntur,
497 2495 535 2537 ea
555 2471 775 2536 continentem
796 2471 911 2536 mundi
934 2471 1077 2537 efficiunt
1097 2493 1260 2556 unamque
1281 2479 1375 2536 natu-

218 2601 296 2643 ram.
325 2577 489 2643 -Etcum
519 2582 671 2660 quattuor
698 2595 818 2659 genera
855 2574 920 2638 sint
949 2597 1125 2660 corporum,
1155 2574 1375 2640 vicissitudine

109 2727 112 2736 ·
218 2704 330 2748 corum
351 2681 467 2746 mundi
489 2680 677 2745 continuata
698 2687 815 2745 natura
837 2688 894 2745 est.
938 2681 1027 2744 Nam
1050 2702 1090 2744 ex
1113 2689 1198 2744 terra
1219 2703 1312 2765 aqua,
1334 2703 1375 2745 ex

218 2808 303 2871 aqua
325 2785 426 2849 oritur
447 2790 511 2862 adr,
528 2805 569 2847 ex
590 2791 664 2847 altre
687 2783 808 2859 aether,
832 2783 948 2847 deinde
970 2792 1145 2847 retrorsum
1171 2783 1312 2847 vicissim
1335 2805 1375 2848 ex

219 2889 350 2954 aethere
372 2893 435 2965 aer,
450 2886 525 2950 inde
547 2909 640 2972 aqua,
656 2908 696 2950 ex
718 2908 803 2970 aqua
824 2893 909 2950 terra
930 2887 1050 2952 infima
1096 2886 1151 2952 Sic
1172 2887 1296 2951 naturis
1316 2885 1375 2966 bis,

167 2976 258 3075 25'ex
274 2991 391 3077 quihus
407 2983 516 3054 omnia
536 2996 692 3067 constant,
709 3011 817 3053 sursus
838 2989 976 3068 deorsus,
992 2990 1077 3054 ultro
1098 2989 1178 3053 citro
1193 3010 1374 3054 commean-

218 3099 305 3162 tibus
327 3096 441 3160 mundi
461 3096 602 3181 partium
622 3095 804 3180 conjunctio
825 3096 1017 3160 continetur.
1063 3095 1155 3176 Quae
1178 3102 1236 3159 aut
1258 3094 1373 3179 sempi·
1388 3101 1425 3160 85

218 3210 311 3266 tema
325 3200 368 3264 sit
383 3221 511 3264 necesse
527 3208 575 3263 est
590 3199 649 3263 hoc
664 3197 777 3262 eodem
793 3207 917 3277 ornatu,
932 3221 1030 3289 quem
1044 3198 1200 3276 videmus
1216 3207 1273 3262 aut
1288 3205 1373 3262 certe

218 3304 438 3390 perdiuturna,
462 3324 655 3389 permanens
680 3301 722 3365 ad
748 3302 961 3388 longinquum
991 3309 1025 3366 et
1050 3302 1245 3370 immensum
1270 3321 1374 3385 paene
1478 3350 1481 3353 -

219 3415 356 3492 tempus.
400 3404 731 3485 Quorumutrumvis
755 3413 792 3468 ut
816 3405 867 3483 sit,
898 3405 1044 3490 sequitur
1072 3413 1190 3468 natura
1214 3402 1373 3466 mundum

166 3539 206 3597 30
219 3509 444 3596 administrari.
481 3507 572 3587 Quae
587 3507 675 3571 enim
691 3505 840 3572 classium
854 3508 1018 3594 navigatio
1033 3516 1092 3572 aut
1106 3527 1189 3592 quae
1204 3505 1373 3570 instructio

220 3613 378 3678 exercitus
404 3620 470 3690 aut,
495 3632 605 3675 rursus
630 3620 667 3674 ut
694 3633 740 3688 ea,
770 3633 852 3697 quae
881 3621 999 3676 natura
1028 3609 1134 3687 efficit,
1165 3608 1373 3686 conferamus,

220 3740 301 3803 quae
323 3715 500 3801 procreatio
521 3715 598 3778 vitis
620 3722 678 3778 aut
700 3714 828 3792 arboris,
851 3736 934 3799 quae
956 3736 1048 3799 porro
1070 3711 1244 3776 animantis
1270 3711 1374 3797 figura

168 3822 171 3829 ’
220 3823 491 3907 conformatioque
517 3821 735 3912 membrorum
761 3828 888 3884 tantam
912 3830 1048 3884 naturae
1074 3818 1250 3882 sollertiam
1274 3817 1374 3904 signi-

222 4010 290 4072 sth,
304 4013 338 4060 tis
355 4008 443 4073 [ΜΝ]
453 4014 473 4059 B
484 4009 527 4058 Or.
539 4009 586 4059 Ba.
687 4009 702 4056 3
719 4008 792 4057 culta
806 4007 954 4056 cohaerendi
966 4019 1024 4067 uss,
1037 4007 1092 4054 sola
1107 4006 1160 4054 coh.
1172 4003 1284 4063 Walkcr,
1302 4006 1375 4054 anthr
1396 4008 1399 4015 '

126 4121 129 4126 ·
221 4095 272 4141 cisi
283 4093 336 4140 coh.
349 4089 444 4140 Heind.
544 4092 560 4139 8
576 4097 630 4139 arte
647 4096 753 4139 acturae
770 4102 819 4137 nss
838 4088 880 4150 (by
896 4085 1032 4149 repetition
1049 4086 1116 4134 from
1133 4085 1230 4152 above),
1243 4100 1294 4134 om.
1306 4086 1370 4136 Dav.

222 4172 264 4223 0r.
275 4173 331 4234 Ba,
343 4171 371 4220 in
380 4171 496 4221 brackets
504 4172 567 4228 Mu,
577 4178 602 4220 et
609 4177 664 4220 crte
673 4177 779 4220 acturae
789 4169 832 4219 Ul.
840 4168 909 4226 Sch„
916 4174 1023 4216 cataroe
1032 4167 1079 4217 Gn
1087 4166 1181 4217 Heind.
1263 4165 1295 4218 17
1312 4182 1374 4228 quc-

165 4285 169 4292 ·
220 4270 323 4318 cumque
340 4268 463 4303 moveam
478 4252 550 4302 BVM
568 4252 636 4310 Oxi„
654 4268 705 4315 quc
721 4265 844 4300 ctoccmar
860 4249 1016 4299 sensnm.
1122 4249 1154 4296 24
1171 4249 1210 4297 to
1228 4245 1288 4297 Sch.
1306 4247 1371 4307 Mu,

112 4367 116 4387 .
220 4337 255 4385 iis
265 4335 286 4385 0
298 4335 341 4385 Or.
352 4334 414 4396 Ba,
424 4336 473 4383 hiis
484 4335 514 4395 B,
528 4335 552 4383 ic
562 4332 616 4392 AV,
629 4335 673 4398 hys
685 4333 716 4384 E.
818 4332 849 4380 31
867 4345 897 4381 cc
909 4346 972 4396 quae
983 4330 1038 4393 BE,
1051 4345 1128 4395 coque
1138 4328 1214 4379 Aer.
