3016 4966
187 517 190 522 ,
215 449 255 511 56
597 462 644 512 mr
666 464 808 513 uirum
829 465 983 515 osonum

213 608 300 673 enim
324 630 419 672 sensu
447 610 545 674 etiam
569 610 764 675 dormientes
788 634 942 697 egemus;
966 635 986 676 a
1011 634 1075 697 quo
1099 635 1174 678 cum
1198 636 1294 680 sonus
1321 623 1371 680 est

212 719 369 795 acceptus
390 713 489 776 etiam
512 735 530 776 e
552 736 663 777 somno
684 713 870 779 excitamur.
916 715 1113 780 Flexuosum
1128 716 1191 780 iter
1206 718 1313 796 habet,
1329 739 1370 782 ne

212 817 290 902 quid
308 818 428 881 intrare
448 815 558 900 possit,
576 816 603 879 si
626 815 763 901 simplex
786 825 819 881 et
845 817 1010 882 derectum
1034 827 1183 903 pateret;
1205 819 1370 904 provisum

212 922 320 998 etiam,
338 930 384 998 ut,
407 921 434 984 si
456 941 521 1004 qua
544 920 680 984 minima
703 921 839 986 bestiola
861 931 1030 987 conaretur
1049 923 1194 1009 irrepere,
1214 925 1250 988 in
1272 924 1370 989 sordi-

210 1026 271 1091 bus
297 1027 424 1091 aurium
447 1034 615 1110 tamquam
647 1026 681 1088 in
710 1027 796 1091 visco
826 1027 1072 1094 inhaeresceret.
1127 1030 1229 1094 Extra
1259 1037 1370 1094 autem
1408 1050 1424 1109 5

211 1130 357 1195 eminent
371 1152 455 1217 quae
470 1131 676 1215 appellantur
690 1154 783 1196 aures
802 1141 835 1197 et
856 1133 990 1218 tegendi
1013 1156 1109 1198 causa
1132 1135 1235 1200 factae
1260 1142 1371 1199 tutan·

211 1232 309 1317 dique
333 1255 453 1310 sensus,
479 1242 513 1296 et
537 1254 579 1296 ne
606 1233 750 1318 adjectae
773 1256 866 1299 voces
887 1235 1074 1300 laberentur
1096 1243 1194 1322 atque
1218 1244 1370 1315 errarent,

210 1337 299 1421 prius
314 1359 412 1422 quam
427 1358 539 1400 sensus
554 1336 595 1399 ab
610 1336 650 1401 iis
664 1337 777 1421 pulsus
792 1346 882 1404 esset.
929 1338 994 1404 Sed
1020 1339 1115 1403 duros
1135 1347 1169 1404 et
1190 1339 1282 1424 quasi
1304 1362 1371 1405 cor-

211 1443 320 1507 neolos
334 1443 457 1507 habent
472 1442 622 1506 introitus
637 1442 813 1528 multisque
833 1445 908 1507 oum
922 1444 1068 1522 flexibus,
1080 1445 1166 1530 quod
1181 1445 1231 1510 his
1246 1445 1372 1510 naturis

212 1549 331 1612 relatus
346 1548 561 1633 amplificatur
576 1571 693 1627 sonus3
715 1550 862 1633 quocirca
885 1558 918 1615 et
939 1551 974 1614 in
996 1550 1115 1616 fidibus
1137 1551 1302 1616 testudine
1323 1573 1372 1617 re·
1388 1579 1426 1619 10

213 1661 344 1716 sonatur
355 1662 413 1717 aut
428 1675 535 1729 cornu,
550 1660 584 1716 et
599 1677 639 1718 ex
654 1656 804 1719 tortuosis
819 1654 897 1720 locis
913 1664 946 1721 et
961 1656 1092 1720 inclusis
1106 1656 1176 1722 soni
1189 1657 1374 1722 referuntur

144 1758 199 1818 145
213 1755 390 1839 ampliores.
440 1754 597 1819 Similiter
626 1779 727 1835 nareS,
758 1780 842 1842 quae
872 1781 999 1844 semper
1023 1767 1154 1844 propter
1179 1759 1372 1825 necessarias

212 1857 371 1921 utilitates
387 1866 508 1941 patent,
526 1859 750 1922 contractiores
770 1860 893 1925 habent
913 1861 1131 1939 introituque
1151 1862 1230 1948 quid
1252 1862 1287 1927 in
1309 1885 1388 1950 eas,

211 1960 297 2044 quod
323 1969 444 2038 noceat,
469 1961 570 2044 possit
596 1964 779 2046 pervadere,
800 1988 1010 2051 umoremque
1035 1989 1162 2052 semper
1186 1968 1309 2033 habent
1331 1967 1373 2032 ad

211 2064 377 2149 pulverem
403 2064 571 2150 multaque
601 2066 665 2130 alia
692 2067 885 2152 depellenda
913 2093 978 2134 non
1009 2070 1170 2145 inutilem,
1215 2071 1373 2138 Gustatus
1389 2096 1424 2158 15

211 2171 372 2256 praeclare
388 2181 517 2255 saeptus
533 2181 602 2251 est3
625 2195 677 2236 ore
700 2173 787 2236 enim
810 2175 994 2240 continetur
1017 2184 1050 2240 et
1068 2176 1109 2240 ad
1127 2198 1224 2240 usum
1244 2184 1320 2261 apte
1338 2184 1373 2241 et

212 2276 253 2340 ad
269 2275 502 2340 incolumitatis
517 2278 704 2342 custodiam.
751 2279 929 2364 Omnisque
950 2302 1063 2344 sensus
1083 2281 1251 2346 hominum
1267 2281 1372 2346 multo

212 2378 377 2443 antecellit
399 2379 545 2443 sensibus
567 2379 752 2446 bestiarum.
799 2380 923 2448 LVIII.
968 2382 1115 2447 Primum
1135 2383 1224 2447 enim
1239 2382 1322 2447 oculi
1337 2383 1373 2446 in

212 2485 251 2549 iis
266 2485 397 2563 artibus,
414 2507 549 2569 quarum
569 2485 730 2570 judicium
749 2466 798 2549 est
814 2486 985 2562 oculomm,
1002 2487 1036 2550 in
1052 2487 1156 2571 pictis,
1171 2486 1255 2552 fictis
1270 2488 1372 2552 caela·
1434 2484 1436 2488 ’

212 2589 318 2673 tisque
345 2588 463 2666 formis,
489 2589 524 2651 in
548 2610 714 2672 corporum
739 2588 839 2652 etiam
863 2589 1004 2654 motione
1031 2600 1129 2675 atque
1152 2599 1245 2676 gestu
1268 2591 1373 2655 multa
1388 2620 1426 2659 20

212 2699 348 2756 cernunt
371 2691 541 2772 subtilius3
572 2692 712 2755 colorum
735 2691 819 2756 caim
843 2700 877 2755 et
899 2692 1075 2776 figurarum
1100 2692 1196 2776 [tum]
1221 2701 1372 2758 venusta-

211 2801 280 2857 tem
303 2802 401 2878 atque
425 2793 568 2856 ordinem
592 2802 633 2870 et,
649 2802 687 2857 ut
709 2794 756 2856 ita
778 2794 893 2873 dicam,
910 2794 1091 2858 decentiam
1112 2796 1196 2859 oculi
1213 2795 1371 2880 judicant,

212 2903 310 2979 atque
327 2896 426 2960 etiam
441 2895 505 2959 alia
520 2897 649 2981 majora.
697 2898 784 2961 Nam
800 2906 834 2962 et
849 2898 986 2962 virtutes
1002 2908 1037 2964 et
1057 2899 1138 2964 vitia
1157 2909 1371 2984 cognoscunt3

211 2998 331 3062 iratum
342 2999 528 3083 propitium,
538 2999 713 3064 laetantem
725 3001 896 3079 dolentem,
908 3003 1024 3066 fortem
1039 3003 1202 3088 ignavum,
1214 3003 1370 3068 audacem

143 3108 198 3168 146
212 3100 428 3185 timidumque
441 3103 671 3187 [cognoscunt]¹
704 3105 909 3190 Auriumque
921 3105 1000 3170 item
1013 3116 1062 3170 est
1068 3106 1261 3190 ¹admirabile
1271 3107 1371 3192 quod·
1387 3135 1424 3196 25

212 3207 287 3271 dam
309 3207 581 3295 artificiosumque
603 3209 772 3294 judicium,
788 3232 852 3295 quo
870 3210 1038 3295 judicatur
1060 3219 1094 3275 et
1115 3211 1151 3275 in
1173 3211 1258 3275 vocis
1281 3219 1315 3276 et
1337 3212 1372 3275 in

212 3314 365 3379 tibiarum
396 3337 631 3400 nervorumque
661 3315 808 3380 cantibus
838 3316 975 3379 varietas
1005 3339 1163 3394 sonorum,
1192 3317 1372 3394 intervalla,

212 3419 375 3484 distinctio
402 3415 438 3484 ¹et
467 3420 552 3483 vocis
582 3441 700 3503 genera
728 3421 900 3505 permulta,
938 3442 1091 3485 canorum
1128 3422 1263 3500 fuscum,
1300 3422 1371 3486 leve

212 3545 369 3608 asperum,
385 3545 481 3608 grave
500 3532 641 3601 acutum,
657 3523 797 3588 flexibile
820 3524 946 3601 durum,
969 3547 1051 3610 quae
1075 3524 1243 3588 hominum
1266 3525 1371 3614 solum

212 3630 342 3695 auribus
367 3629 564 3715 judicantur.
609 3629 813 3715 Nariumque
843 3629 923 3694 item
953 3637 987 3693 et
1017 3629 1170 3714 gustandi
1203 3629 1250 3715 [et
1278 3642 1371 3715 parte
1385 3655 1425 3714 30

261 3811 275 3857 3
293 3811 418 3859 derectam
429 3809 483 3860 Mu.
497 3811 539 3872 (ef.
548 3812 575 3872 ἐξ
585 3809 641 3871 137,
654 3811 720 3871 131),
733 3811 855 3858 directam
867 3823 915 3858 uss
927 3809 980 3858 and
990 3809 1046 3859 edd.
1121 3811 1137 3858 4
1153 3812 1262 3873 irrepere
1275 3809 1371 3860 Heind.

212 3889 278 3940 after
294 3892 434 3952 Puteanus,
448 3895 585 3956 irrumpere
601 3907 649 3940 uss
665 3891 716 3940 and
735 3890 791 3942 edd.
893 3893 908 3939 8
925 3893 957 3939 ab
974 3893 1008 3940 iis
1023 3891 1065 3942 Or.
1080 3892 1127 3941 Ba.
1139 3893 1204 3954 Mu,
1220 3894 1252 3941 ab
1266 3895 1305 3942 his
1322 3906 1371 3941 uss

213 3961 273 4021 Soli.
372 3974 403 4021 11
420 3974 610 4032 soatcLamb,
621 3987 673 4021 orn.
682 3986 731 4021 uss
739 3971 871 4034 generally
879 3971 963 4020 Allan.
1064 3974 1095 4024 17
1111 3976 1238 4037 omnisque
1250 3973 1371 4037 [AOPW]

213 4052 271 4102 Oxf.
294 4057 351 4112 ΗΜ,
369 4069 496 4116 omnesque
513 4054 620 4105 BEV10.
755 4055 785 4101 18
803 4055 933 4101 antecellit
950 4067 997 4101 uss
1014 4054 1149 4117 generally,
1170 4057 1323 4105 antecellunt
1339 4055 1370 4106 Β.

213 4134 244 4181 21
261 4136 326 4182 enim
343 4133 391 4182 Ed.
404 4133 470 4182 aiter
487 4135 592 4195 Heind.,
607 4136 684 4184 etiam
700 4149 748 4183 uss
766 4133 818 4183 and
835 4131 893 4181 edd.
906 4147 946 4181 see
962 4133 1063 4184 Oomm.
1158 4138 1302 4198 flaucatum
1319 4143 1372 4186 tam

213 4227 269 4275 nse,
285 4216 428 4277 ficaroram
445 4216 517 4277 [tum]
535 4215 578 4263 Or.
595 4216 643 4265 Ba.
662 4215 720 4265 Soh.
738 4215 803 4264 after
819 4213 920 4275 Lamb,
935 4216 1164 4276 fiquraram...tom
1181 4218 1245 4277 Mu,
1259 4221 1306 4281 sip.
1324 4221 1372 4268 oni

212 4296 286 4344 Allen
300 4295 409 4360 (Nonius
421 4312 446 4359 p.
458 4298 505 4346 203
517 4297 586 4358 gives
603 4300 860 4361 colorum-judicant
875 4312 904 4347 as
918 4297 962 4347 the
976 4313 1033 4360 uss,
1048 4298 1224 4361 showingthe
1241 4299 1371 4364 antiquity

213 4377 242 4426 of
250 4375 294 4426 the
305 4376 473 4442 corruption).
573 4379 603 4427 25
620 4387 768 4442 coprroseuot
783 4377 920 4428 bracketed
930 4379 965 4441 by
975 4380 1022 4430 Ba.
1124 4383 1157 4430 28
1173 4397 1298 4445 cancrum,
1312 4398 1371 4437 cca,

214 4461 300 4509 didam
310 4459 375 4509 Dav.
388 4458 483 4508 Heind.
582 4461 614 4509 30
630 4469 655 4511 et
668 4469 744 4525 parte
765 4462 886 4524 mopendi
904 4461 1368 4523 ABuPUrnr,obe1.0r.Mu.,0m.
