3016 4966
349 357 413 406 are.
438 357 466 404 11
489 355 561 406 cnr.
585 356 823 404 xxrux-xnu
844 339 884 426 ἐς
907 340 1086 408 100-107.
1251 343 1293 406 31)

137 502 231 581 Utar,
256 503 372 588 inquit,
398 503 594 568 carminibus
616 503 709 568 Arati
732 504 788 582 eis,
810 526 892 589 quae
918 526 938 567 a
960 511 995 568 te
1016 503 1191 568 admodum
1214 503 1294 567 adu·

136 605 312 670 lescentulo
328 629 478 671 conversa
492 607 540 672 ita
554 630 607 671 me
625 607 796 684 delectant,
811 607 888 693 quia
902 607 1021 672 Latina
1035 614 1120 683 sunt,
1136 615 1175 670 ut
1189 607 1294 672 multa

136 730 176 772 ex
196 709 236 772 iis
257 710 413 775 memoria
434 719 571 776 teneam.
615 712 709 796 Ergo,
724 720 763 775 ut
782 712 881 776 oculis
900 712 1027 777 assidue
1046 712 1201 790 videmus,
1223 713 1293 778 sine

135 813 203 877 ulla
225 815 405 878 mutatione
427 823 485 878 aut
501 815 657 879 varietate
900 826 903 832 '

103 950 119 1010 5
240 947 351 998 cetera
369 945 530 999 labuntur
549 945 650 998 celeri
670 945 831 999 caelestia
849 947 941 999 motu

240 1049 313 1086 curn
330 1032 488 1102 caeloque
506 1033 605 1087 simul
623 1035 803 1102 noctesque
822 1032 959 1102 diesque
976 1033 1141 1102 feruntur,

135 1167 272 1229 quorum
295 1146 566 1231 contemplatione
589 1147 711 1212 nullius
733 1146 856 1232 expleri
877 1155 985 1232 potest
1006 1147 1134 1212 animus
1156 1156 1292 1213 naturae
1307 1145 1362 1203 1⁰5

134 1249 349 1312 constantiam
363 1249 472 1313 videre
487 1250 655 1334 cupientis

239 1377 480 1448 Extremusque
498 1378 577 1433 adeo
595 1379 723 1450 duplici
741 1379 779 1433 de
797 1378 931 1433 cardine
949 1384 1063 1435 vertex

83 1478 120 1516 10
170 1464 172 1467 ’
239 1464 365 1521 dicitur
382 1484 453 1520 esse
471 1467 574 1537 polus,

132 1587 232 1651 Hunc
247 1588 366 1652 circum
381 1587 499 1653 Arctoe
515 1587 599 1653 duae
614 1589 762 1653 feruntur
777 1613 957 1675 numquam
972 1590 1162 1655 occidentes.

238 1716 284 1768 Ex
301 1715 354 1769 his
371 1716 478 1769 altera
495 1715 581 1786 apud
600 1715 717 1770 Graios
736 1716 908 1788 Cynosura
925 1720 1071 1787 vocatur,

239 1801 346 1855 altera
363 1800 489 1855 dicitur
507 1819 577 1855 esse
596 1802 720 1871 Helice,

132 1913 224 1999 cujus
239 1913 372 1998 quidem
386 1914 576 1980 clarissimas
591 1917 701 1980 stellas
716 1917 793 1982 totis
808 1918 956 1984 noctibus
971 1919 1141 1996 cernimus,

81 2061 116 2121 15
239 2060 321 2119 quas
339 2043 447 2098 nostri
466 2044 599 2115 Septem
616 2045 711 2099 soliti
729 2047 878 2101 vocitare
896 2047 1042 2102 Triones.

131 2156 331 2241 Paribusque
362 2157 464 2222 stellis
488 2157 636 2223 similiter
665 2133 826 2223 distinctis
856 2161 997 2226 eundem
1026 2160 1107 2226 caeli
1136 2161 1290 2226 verticem
1305 2169 1360 2228 106

131 2258 248 2324 lustrat
262 2282 362 2344 parva
377 2259 563 2346 Cynosura:

235 2387 295 2442 hac
312 2387 426 2442 fidunt
444 2388 526 2443 duce
544 2392 709 2444 nocturna
727 2391 910 2446 Phoenices
928 2392 962 2446 in
980 2393 1056 2447 alto.

238 2475 301 2529 Sed
318 2476 409 2546 prior
426 2478 486 2532 illa
503 2479 607 2548 magis
625 2479 739 2532 stellis
757 2478 923 2533 distincta
940 2481 1084 2550 refulget
1155 2476 1159 2483 ’

79 2580 117 2620 20
237 2566 270 2616 et
288 2564 355 2618 late
373 2564 479 2634 prima
496 2565 674 2619 confestim
692 2584 709 2620 a
726 2569 823 2620 nocte
840 2566 983 2635 videtur,

235 2650 317 2711 haec
334 2668 411 2706 vero
429 2669 531 2721 parva
548 2655 608 2720 est,
626 2651 683 2706 sed
701 2652 815 2706 nautis
833 2671 913 2708 usus
930 2654 964 2707 in
982 2654 1042 2708 hac
1059 2658 1130 2722 est;

237 2753 311 2791 nam
329 2755 428 2792 cursu
446 2738 608 2792 interiore
626 2737 719 2793 brevi
737 2740 948 2794 convertitur
966 2739 1049 2795 orbe.

131 2848 240 2916 XLII.
283 2850 327 2915 Et
343 2873 407 2936 quo
422 2850 465 2915 sit
479 2873 591 2915 earum
606 2851 775 2916 stellarum
790 2851 1009 2918 admirabilior
1024 2863 1180 2940 aspectus

236 2969 296 3024 has
313 2970 409 3040 inter,
427 2971 535 3025 veluti
552 2971 668 3041 rapido
686 2989 758 3025 cum
775 2971 906 3041 gurgite
923 2972 1057 3041 flumen,

78 3079 115 3139 ²5
236 3061 353 3113 torvus
371 3059 477 3113 Draco
495 3059 602 3130 serpit
620 3057 737 3113 subter
754 3076 941 3130 superaque
958 3060 1146 3115 revolvens

236 3164 308 3202 sese
326 3149 577 3218 conficiensque
596 3149 691 3203 sinus
709 3166 724 3203 e
742 3166 879 3219 corpore
896 3149 1008 3205 flexos.

129 3260 210 3346 Ejus
233 3283 307 3325 cum
324 3262 426 3327 totius
448 3263 490 3328 sit
513 3263 674 3346 praeclara
693 3262 822 3347 species,
842 3263 878 3327 in
900 3262 1012 3348 primis
1033 3262 1217 3348 aspicienda
1238 3271 1287 3328 est
1301 3275 1356 3335 107

128 3364 232 3450 figura
247 3366 360 3450 capitis
375 3374 472 3450 atque
488 3367 581 3430 ardor
595 3368 780 3432 oculorum:

234 3495 311 3549 huic
328 3512 392 3548 non
409 3511 475 3548 una
491 3494 585 3549 modo
603 3498 703 3566 caput
720 3513 841 3551 ornans
858 3497 958 3551 stella
975 3497 1110 3567 relucet,

77 3613 115 3668 30
234 3599 349 3636 verum
367 3583 517 3652 tempora
534 3584 613 3636 sunt
631 3582 758 3653 duplici
775 3583 904 3654 fulgore
921 3586 1045 3653 notata,

178 3757 192 3804 1
208 3757 284 3805 Arati
302 3757 338 3806 eis
355 3755 379 3804 X
397 3754 440 3818 (by
456 3770 521 3804 corr¹
533 3755 562 3804 in
577 3755 632 3818 AB)
650 3755 709 3807 Oxf.
726 3761 808 3807 111110
824 3756 920 3807 Heind.
933 3757 1016 3820 Allan,
1029 3759 1131 3807 Arateis
1148 3757 1255 3808 Moser's
1271 3758 1286 3807 I

128 3839 181 3889 and
192 3838 220 3887 M
231 3838 288 3887 edd¹
296 3839 364 3888 after
373 3838 486 3898 Walker‚
496 3853 538 3888 see
550 3838 649 3890 Oomm.
752 3841 782 3888 11
800 3847 880 3890 arctoe
892 3843 956 3890 duae
968 3841 991 3889 11
1004 3839 1284 3898 011.ensc.‚arotoae
1328 3873 1330 3877 -

128 3924 192 3971 done
204 3921 327 3982 tecvm,
342 3928 412 3971 arato
429 3922 490 3970 edne
507 3926 535 3979 B,
547 3921 628 3986 ἄρκτοι
644 3923 708 3972 Dav.
720 3922 795 3972 Allen
813 3923 872 3974 Sch.
972 3925 1002 3972 12
1019 3939 1050 3973 ec
1063 3924 1101 3972 hia
1113 3923 1189 3986 [BE],
1203 3939 1234 3972 ea·
1250 3925 1285 3972 iia

126 4003 221 4053 AGVB.
301 4003 333 4052 16
349 4003 470 4051 distitutis
481 4002 586 4052 Walker
597 4017 626 4052 as
637 4002 695 4051 inl.
709 4004 748 4054 19.
830 4006 1016 4068 25λειιρεναᾳτιε
1028 4005 1086 4056 Oxf.
1100 4011 1149 4056 1111
1159 4004 1283 4054 Priscian.

126 4100 171 4134 xrv
180 4098 207 4148 p.
216 4085 265 4136 980
275 4084 381 4146 Putsoh,
393 4100 517 4148 supraque
529 4100 576 4134 uss
585 4085 724 4148 generally.
823 4087 856 4136 26
866 4088 935 4148 flexo
944 4086 1060 4136 Grotius.
1158 4089 1190 4139 27
1208 4089 1284 4137 totius

126 4169 161 4216 cit
178 4167 222 4216 Or.
238 4168 286 4217 Ba.
304 4168 370 4216 aster
387 4166 447 4218 Sch.
467 4170 513 4230 Op.
531 4183 564 4216 111
580 4184 606 4230 p.
619 4169 675 4228 339,
690 4169 766 4217 totius
783 4175 819 4217 est
837 4181 886 4218 uss
903 4168 978 4217 Allan
997 4168 1050 4220 Mu.
1150 4171 1179 4218 ia
1192 4170 1284 4232 punis

127 4263 175 4298 uss
187 4249 231 4298 Or.
243 4249 291 4299 Ba.
305 4249 375 4309 Sch,
389 4257 441 4298 tum
451 4252 481 4299 ia
492 4252 584 4313 primis
596 4248 732 4300 Manutius
743 4249 807 4312 Mu,
821 4256 845 4300 et
856 4251 885 4298 in
897 4251 988 4312 prima
1000 4249 1075 4300 Allen
1088 4248 1155 4315 (who
1171 4249 1284 4312 changes

127 4347 181 4381 cum
192 4330 249 4382 into
260 4340 284 4381 et
295 4331 382 4383 before
394 4332 489 4398 totius).
