3016 4966
393 381 458 432 1111.
481 381 509 429 11
531 379 604 430 cir.
626 379 815 428 nrm-xx
837 363 877 448 ἓξ
899 360 1036 431 47-52.
1250 366 1291 431 19

135 545 271 605 norum3
296 525 506 612 ejusdemque
532 526 607 591 solis
632 534 705 591 tum
730 547 874 591 accessus
901 524 1027 603 modici,
1052 533 1129 591 tum·
1151 548 1293 594 recessus

135 635 170 694 et
187 629 314 715 frigoris
331 638 365 695 et
387 632 500 697 caloris
523 633 657 697 modum
674 640 878 718 temperant3
899 631 1085 696 circumitus
1108 631 1195 696 enim
1219 632 1294 698 solis

135 733 262 798 orbium
300 736 444 822 quinque
483 745 518 802 et
554 736 724 822 sexaginta
761 744 795 801 et
831 743 1050 801 trecentorum
1083 745 1200 822 quarta
1228 736 1294 802 fere

135 838 201 904 diei
224 849 316 925 parte
341 842 452 907 addita
475 843 714 907 conversionem
742 841 919 906 conficiunt
941 864 1104 920 annuam3
1129 841 1296 907 inflectens

104 951 247 1022 sautem
277 945 324 1010 sol
349 968 478 1011 cursum
507 954 581 1011 tum
610 947 652 1011 ad
678 945 922 1030 septentriones,
945 952 1018 1009 tum
1048 945 1089 1009 ad
1119 945 1296 1024 meridiem,
1395 980 1403 995 ·

90 1036 92 1041 ⁴
135 1053 275 1113 aestates
299 1056 333 1112 et
359 1047 481 1113 hiemes
503 1048 602 1113 efficit
624 1057 658 1113 et
680 1070 720 1114 ea
740 1048 805 1112 duo
822 1056 977 1133 tempora,
1000 1069 1138 1132 quorum
1158 1047 1297 1111 alterum

135 1149 237 1214 hiemi
258 1151 437 1238 senescenti
459 1151 649 1237 adjunctum
671 1158 729 1227 est,
748 1150 888 1215 alterum
910 1150 1034 1216 aestati.
1080 1148 1133 1214 Ita
1148 1171 1187 1213 ex
1203 1157 1297 1236 quat·

136 1261 211 1317 tuor
231 1261 414 1340 temporum
436 1256 673 1321 mutationibus
695 1254 851 1332 omnium,
871 1276 954 1339 quae
978 1261 1065 1317 terra
1082 1253 1229 1340 marique
1249 1255 1298 1338 gi-

135 1365 289 1442 gnuntur,
310 1358 405 1424 initia
426 1382 605 1445 causaeque
627 1359 798 1424 ducuntur.
838 1358 920 1432 ‚Jam
943 1356 1019 1421 solis
1041 1379 1165 1422 annuos
1187 1380 1297 1424 cursus
1311 1362 1348 1422 50

83 1483 122 1524 10
137 1460 249 1545 spatiis
272 1461 445 1526 menstruis
468 1462 547 1526 luna
571 1461 788 1546 consequitur,
811 1459 904 1544 cujus
927 1457 1156 1522 tenuissimum
1185 1459 1298 1524 lumen

136 1563 215 1629 facit
232 1565 397 1649 proximus
415 1589 559 1655 accessus
577 1566 618 1630 ad
640 1567 749 1640 solem,
773 1564 936 1649 digressus
958 1570 1070 1626 autem
1091 1561 1297 1647 longissimus

137 1669 274 1755 quisque
304 1669 537 1754 plenissimum.
586 1670 712 1765 xNeque
742 1669 847 1732 solum
877 1667 947 1752 ejus
977 1665 1099 1750 species
1127 1688 1165 1731 ac
1194 1666 1298 1732 forma

137 1769 285 1837 mutatur
309 1781 381 1838 tum
407 1756 585 1852 crescenda
611 1766 684 1838 tum
713 1774 893 1839 defectibus
918 1772 953 1835 in
979 1771 1074 1836 initia
1097 1772 1297 1852 recurrendo,

137 1876 194 1940 sed
224 1877 324 1942 etiam
348 1879 444 1964 regio,
470 1902 553 1964 quae
583 1887 655 1944 tum
681 1887 731 1944 est
757 1877 929 1964 aquilonia,
951 1884 1023 1941 tum
1053 1875 1210 1940 australis.
1256 1877 1298 1940 Iu

84 2000 120 2061 15
136 1980 234 2044 lunae
249 2002 377 2066 quoque
392 2004 487 2046 cursu
504 1989 554 2047 est
565 1990 598 2046 et
608 1982 742 2048 brumae
755 1982 913 2067 quaedam
925 1988 959 2045 et
970 1979 1098 2044 solstitii
1110 1979 1297 2060 similitudo,

86 2146 88 2151 .
136 2084 307 2170 multaque
321 2086 363 2151 ab
384 2109 422 2150 ea
441 2094 577 2152 manant
595 2095 629 2152 et
646 2087 762 2162 fluunt,
778 2085 896 2172 quibus
916 2093 951 2149 et
959 2083 1149 2175 ⁸animantes
1168 2083 1298 2148 alantur

136 2197 382 2275 augescantque,
408 2199 442 2256 et
463 2192 642 2278 pubescant
666 2193 955 2275 maturitatemque
978 2198 1191 2276 assequantur
1213 2214 1296 2276 quae

137 2293 285 2357 oriuntur
307 2303 439 2360 eterra
484 2297 557 2362 XX
602 2296 745 2360 Maxime
767 2317 843 2359 vero
865 2302 942 2358 sunt
963 2293 1168 2359 admirabiles
1189 2303 1297 2359 motus
1311 2301 1347 2362 51

138 2418 249 2460 earum
272 2398 415 2484 quinque
436 2399 610 2476 stellarum,
629 2421 713 2485 quae
731 2398 811 2462 falso
831 2404 988 2462 vocantur
1007 2404 1157 2462 errantes.
1202 2396 1298 2462 Nihil

85 2524 124 2563 20
138 2499 226 2565 enim
250 2509 343 2578 errat,
367 2502 454 2587 quod
476 2502 512 2566 in
535 2504 623 2567 omni
646 2503 839 2568 aeternitate
862 2508 1030 2566 conservat
1052 2523 1237 2586 progressus
1262 2509 1297 2566 et

137 2627 299 2691 regressus
322 2607 526 2692 reliquosque
550 2616 658 2672 motus
681 2615 864 2672 constantes
885 2615 918 2671 et
939 2614 1032 2671 ratos.
1077 2605 1171 2685 Quod
1191 2628 1228 2670 eo
1248 2614 1298 2671 est

139 2709 361 2774 admirabilius
375 2710 410 2774 in
428 2712 479 2776 his
500 2712 610 2790 stellis,
629 2735 709 2798 quas
729 2712 873 2789 dicimus,
893 2712 970 2798 quia
992 2719 1064 2776 tum
1087 2712 1298 2791 occultantur,

138 2822 211 2878 tum
233 2837 341 2878 rursus
363 2817 559 2900 aperiuntur,
582 2825 655 2881 tum
678 2805 810 2894 adeunt,
832 2824 905 2882 tum
925 2818 1089 2896 recedunt,
1114 2824 1186 2881 tum
1206 2826 1298 2882 ante·

138 2919 267 2996 cedunt,
285 2927 486 2984 tum'autem
506 2920 756 3007 subsequuntur,
777 2928 848 2984 tum
871 2921 1007 3003 celerius
1025 2928 1206 3000 morentur,
1225 2929 1298 2986 tum

85 3040 122 3102 25
139 3022 269 3099 tardius,
298 3031 370 3086 tum
400 3025 530 3088 omnino
560 3047 601 3089 ne
626 3033 799 3090 moventur
821 3024 963 3110 quidem,
988 3024 1044 3088 sed
1068 3024 1110 3088 ad
1133 3024 1298 3110 quoddam

137 3134 267 3212 tempus
281 3127 444 3193 insistunt.
489 3130 635 3209 Quarum
653 3150 693 3193 ex
716 3128 898 3214 disparibus
921 3128 1120 3192 motionibus
1141 3150 1298 3214 magnum

138 3251 262 3293 annum
276 3231 499 3295 mathematici
517 3231 774 3308 nominaverunt,
795 3230 852 3314 qui
871 3238 944 3294 tum
964 3229 1110 3307 efficitur,
1131 3250 1205 3293 cum
1224 3229 1299 3293 solis

139 3342 173 3397 et
184 3334 279 3398 lunae
291 3342 325 3398 et
336 3334 480 3419 quinque
493 3336 671 3400 errantium
683 3335 723 3399 ad
736 3335 873 3400 eandem
884 3335 969 3400 inter
981 3357 1014 3399 se
1027 3333 1299 3419 comparationem

139 3437 291 3502 confectis
305 3439 450 3503 omnium
465 3439 578 3524 spatiis
593 3447 642 3503 est
657 3439 743 3503 facta
757 3438 928 3503 conversio.
974 3438 1066 3517 Quae
1090 3459 1188 3523 quarn
1205 3439 1301 3523 longa
1314 3452 1351 3512 52

188 3568 203 3615 3
220 3569 330 3630 quiaque
342 3575 366 3616 et
377 3569 510 3630 ceroptata
521 3575 545 3618 et
557 3575 719 3617 trecentorum
730 3567 807 3626 ABV,
823 3569 847 3616 V
855 3574 879 3617 et
890 3569 939 3616 LX
949 3575 973 3616 et
985 3574 1149 3617 trecentorum
1159 3566 1227 3628 Oxi,
1243 3568 1267 3616 V
1276 3574 1300 3617 et

138 3649 188 3697 LX
197 3655 221 3696 et
234 3649 300 3697 000
309 3653 331 3698 R
342 3647 409 3706 eud,
421 3651 531 3712 quiaque
543 3656 568 3698 et
577 3651 711 3711 ceroptata
727 3656 752 3698 et
769 3650 872 3698 trecenti
889 3647 985 3699 Heind
999 3647 1075 3696 Allen
1090 3647 1156 3697 after
1168 3647 1299 3710 Oujacius,

138 3732 249 3792 quinque
261 3731 396 3792 defectibus
407 3738 432 3780 et
442 3733 576 3794 ceroptata
587 3739 611 3781 et
624 3738 787 3780 trecentorum
796 3730 836 3780 OB
844 3728 896 3779 and
905 3729 979 3792 (with
987 3728 1111 3779 omission
1121 3728 1150 3778 of
1158 3730 1254 3779 former
1264 3733 1299 3794 et)

138 3813 172 3870 E,
183 3812 256 3874 (with
266 3812 394 3862 insertion
406 3812 435 3862 of
443 3821 480 3863 est
490 3813 575 3863 before
588 3814 683 3864 tormer
693 3812 726 3878 et)
737 3813 784 3875 PL,
796 3812 912 3879 (reading
923 3815 1008 3862 diebus
1020 3813 1061 3862 tor
1071 3813 1216 3880 defectibus)
1230 3813 1299 3864 cul.

139 3894 201 3956 Reg.
214 3894 314 3945 Manut.
330 3895 474 3958 (defectibus
485 3909 537 3944 was
552 3894 677 3957 probably
687 3893 796 3944 omitted
808 3894 887 3944 below
898 3894 915 3945 l.
931 3894 968 3953 13,
981 3893 1046 3943 then
1062 3892 1146 3944 added
1156 3894 1186 3942 in
1196 3894 1300 3957 margin

140 3976 193 4027 and
203 3977 319 4040 wrongly
329 3977 486 4028 transferred
502 3981 529 4028 to
549 3979 603 4028 this
620 3979 713 4042 place).
813 3980 844 4028 13
862 3986 914 4028 tum
925 3980 1059 4042 defectibus
1076 3981 1105 4028 ta
1121 3981 1202 4028 initio
1217 3994 1299 4029 recur-

139 4062 216 4111 rendo
226 4060 255 4110 in
266 4075 346 4123 marg.
363 4059 392 4109 of
404 4060 436 4108 B.
542 4061 573 4109 14
590 4062 724 4123 aquilonia
735 4060 811 4117 Gna,
823 4061 956 4122 aquileatc
971 4059 1014 4108 XB
1028 4059 1087 4109 uxr.
1095 4071 1130 4118 t,
1142 4060 1300 4123 equitaturis

140 4143 209 4201 Asc„
221 4144 375 4205 aqutlcmtta
387 4141 524 4195 U÷Mars
592 4150 644 4191 tum
656 4141 716 4204 (2¹¹⁶)
729 4141 862 4200 Vnum,
874 4149 920 4190 aut
930 4141 1062 4192 ABOEPB
1075 4141 1132 4194 Oxf.
1201 4145 1231 4191 ia
1241 4155 1299 4200 uss,

140 4225 200 4274 tude
212 4226 242 4273 ia
252 4223 296 4273 Or.
308 4223 355 4273 Ba.
367 4223 431 4282 Mu„
443 4226 483 4274 ito
495 4227 524 4275 ia
537 4224 606 4282 Sub„
618 4239 677 4273 aum
690 4227 720 4273 in
730 4221 826 4272 Heind.
932 4224 964 4272 23
981 4225 1074 4273 adeam
1089 4223 1196 4273 Moser's
1209 4223 1230 4272 Ο
1242 4222 1299 4272 cdd.

141 4304 208 4356 after
223 4303 321 4362 pern„
340 4307 433 4356 abeunt
452 4319 510 4365 uss,
528 4309 617 4357 obeant
636 4307 694 4356 Aac.
808 4306 841 4354 24
857 4313 941 4356 ouum
958 4306 1003 4369 [X]
1024 4304 1080 4356 Ort
1107 4305 1175 4366 Asa,
1200 4318 1252 4355 om.
1276 4303 1300 4354 G

143 4386 315 4440 Redfleind,
330 4387 389 4442 siu
1128 4451 1214 4520 Η
