<?xml version="1.0" encoding="UTF-8"?>
<!DOCTYPE html PUBLIC "-//W3C//DTD XHTML 1.0 Transitional//EN"
    "http://www.w3.org/TR/xhtml1/DTD/xhtml1-transitional.dtd">
<html xmlns="http://www.w3.org/1999/xhtml" xml:lang="en" lang="en">
 <head>
  <title>
</title>
<meta http-equiv="Content-Type" content="text/html;charset=utf-8" />
  <meta name='ocr-system' content='tesseract 3.04.00' />
  <meta name='ocr-capabilities' content='ocr_page ocr_carea ocr_par ocr_line ocrx_word'/>
</head>
<body>
  <div class='ocr_page' id='page_1' title='image "./mtulliiciceroni65cicegoog/mtulliiciceroni65cicegoog_0047.png"; bbox 0 0 3016 4966; ppageno 0'>
   <div class='ocr_carea' id='block_1_1' title="bbox 199 403 972 472">
    <p class='ocr_par' dir='ltr' id='par_1_1' title="bbox 199 403 972 472">
     <span class='ocr_line' id='line_1_1' title="bbox 199 403 972 472; baseline 0.004 -4"><span class='ocrx_word' id='word_1_1' title='bbox 199 403 241 469; x_wconf 78' lang='lat'><strong>22</strong></span> <span class='ocrx_word' id='word_1_2' title='bbox 585 419 632 469; x_wconf 84' lang='lat' dir='ltr'><strong>on</strong></span> <span class='ocrx_word' id='word_1_3' title='bbox 654 419 795 470; x_wconf 68' lang='lat' dir='ltr'><strong>narum</strong></span> <span class='ocrx_word' id='word_1_4' title='bbox 817 420 972 472; x_wconf 77' lang='lat' dir='ltr'><strong>ononuu.</strong></span> 
     </span>
    </p>
   </div>
   <div class='ocr_carea' id='block_1_2' title="bbox 148 565 1414 2939">
    <p class='ocr_par' dir='ltr' id='par_1_2' title="bbox 197 565 1358 966">
     <span class='ocr_line' id='line_1_2' title="bbox 198 565 1357 655; baseline 0.002 -23"><span class='ocrx_word' id='word_1_5' title='bbox 198 565 339 654; x_wconf 80' lang='grc' dir='ltr'>πρόνοια</span> <span class='ocrx_word' id='word_1_6' title='bbox 354 567 495 652; x_wconf 81' lang='lat' dir='ltr'><strong>dicitur),</strong></span> <span class='ocrx_word' id='word_1_7' title='bbox 509 567 589 632; x_wconf 89' lang='lat' dir='ltr'><strong>haec</strong></span> <span class='ocrx_word' id='word_1_8' title='bbox 603 567 806 653; x_wconf 92' lang='lat' dir='ltr'><strong>potissimum</strong></span> <span class='ocrx_word' id='word_1_9' title='bbox 823 569 972 655; x_wconf 78' lang='lat' dir='ltr'>providet</span> <span class='ocrx_word' id='word_1_10' title='bbox 987 569 1070 634; x_wconf 91' lang='lat' dir='ltr'><strong>etin</strong></span> <span class='ocrx_word' id='word_1_11' title='bbox 1084 569 1136 634; x_wconf 87' lang='lat' dir='ltr'><strong>his</strong></span> <span class='ocrx_word' id='word_1_12' title='bbox 1151 569 1291 634; x_wconf 88' lang='lat' dir='ltr'><strong>maxime</strong></span> <span class='ocrx_word' id='word_1_13' title='bbox 1306 577 1357 634; x_wconf 90' lang='lat' dir='ltr'><strong>est</strong></span> 
     </span>
     <span class='ocr_line' id='line_1_3' title="bbox 198 672 1357 760; baseline 0.002 -25"><span class='ocrx_word' id='word_1_14' title='bbox 198 680 361 758; x_wconf 86' lang='lat' dir='ltr'><strong>occupata,</strong></span> <span class='ocrx_word' id='word_1_15' title='bbox 373 673 515 758; x_wconf 90' lang='lat' dir='ltr'><strong>primum</strong></span> <span class='ocrx_word' id='word_1_16' title='bbox 530 680 569 737; x_wconf 90' lang='lat' dir='ltr'><strong>ut</strong></span> <span class='ocrx_word' id='word_1_17' title='bbox 583 672 724 737; x_wconf 90' lang='lat' dir='ltr'><strong>mundus</strong></span> <span class='ocrx_word' id='word_1_18' title='bbox 739 696 837 759; x_wconf 89' lang='lat' dir='ltr'><strong>quam</strong></span> <span class='ocrx_word' id='word_1_19' title='bbox 852 674 1038 760; x_wconf 91' lang='lat' dir='ltr'><strong>aptissimus</strong></span> <span class='ocrx_word' id='word_1_20' title='bbox 1052 674 1095 739; x_wconf 92' lang='lat' dir='ltr'><strong>sit</strong></span> <span class='ocrx_word' id='word_1_21' title='bbox 1110 674 1150 738; x_wconf 93' lang='lat' dir='ltr'><strong>ad</strong></span> <span class='ocrx_word' id='word_1_22' title='bbox 1166 696 1357 760; x_wconf 90' lang='lat' dir='ltr'><strong>permanen-</strong></span> 
     </span>
     <span class='ocr_line' id='line_1_4' title="bbox 198 773 1358 861; baseline 0.003 -23"><span class='ocrx_word' id='word_1_23' title='bbox 198 774 285 851; x_wconf 91' lang='lat' dir='ltr'><strong>dum,</strong></span> <span class='ocrx_word' id='word_1_24' title='bbox 301 773 417 839; x_wconf 90' lang='lat' dir='ltr'><strong>deinde</strong></span> <span class='ocrx_word' id='word_1_25' title='bbox 429 782 467 838; x_wconf 91' lang='lat' dir='ltr'><strong>ut</strong></span> <span class='ocrx_word' id='word_1_26' title='bbox 481 775 572 840; x_wconf 86' lang='lat' dir='ltr'><strong>nulla</strong></span> <span class='ocrx_word' id='word_1_27' title='bbox 588 797 623 839; x_wconf 92' lang='lat' dir='ltr'><strong>re</strong></span> <span class='ocrx_word' id='word_1_28' title='bbox 644 784 745 861; x_wconf 85' lang='lat' dir='ltr'><strong>egeat,</strong></span> <span class='ocrx_word' id='word_1_29' title='bbox 769 777 910 842; x_wconf 81' lang='lat' dir='ltr'><strong>maxime</strong></span> <span class='ocrx_word' id='word_1_30' title='bbox 931 786 1041 843; x_wconf 88' lang='lat' dir='ltr'><strong>autem</strong></span> <span class='ocrx_word' id='word_1_31' title='bbox 1061 785 1099 842; x_wconf 92' lang='lat' dir='ltr'><strong>ut</strong></span> <span class='ocrx_word' id='word_1_32' title='bbox 1120 777 1155 841; x_wconf 92' lang='lat' dir='ltr'><strong>in</strong></span> <span class='ocrx_word' id='word_1_33' title='bbox 1178 799 1216 842; x_wconf 90' lang='lat' dir='ltr'><strong>eo</strong></span> <span class='ocrx_word' id='word_1_34' title='bbox 1238 776 1358 842; x_wconf 84' lang='lat' dir='ltr'><strong>eximia</strong></span> 
     </span>
     <span class='ocr_line' id='line_1_5' title="bbox 197 879 849 966; baseline 0.003 -22"><span class='ocrx_word' id='word_1_35' title='bbox 197 879 403 965; x_wconf 77' lang='lat' dir='ltr'>pulchritudo</span> <span class='ocrx_word' id='word_1_36' title='bbox 418 880 461 944; x_wconf 92' lang='lat' dir='ltr'><strong>sit</strong></span> <span class='ocrx_word' id='word_1_37' title='bbox 476 888 574 966; x_wconf 88' lang='lat' dir='ltr'><strong>atque</strong></span> <span class='ocrx_word' id='word_1_38' title='bbox 590 881 696 945; x_wconf 90' lang='lat' dir='ltr'><strong>omnis</strong></span> <span class='ocrx_word' id='word_1_39' title='bbox 710 890 849 946; x_wconf 88' lang='lat' dir='ltr'><strong>omatus.</strong></span> 
     </span>
    </p>

    <p class='ocr_par' dir='ltr' id='par_1_3' title="bbox 148 983 1412 1801">
     <span class='ocr_line' id='line_1_6' title="bbox 148 983 1410 1069; baseline 0.003 -25"><span class='ocrx_word' id='word_1_40' title='bbox 148 983 185 1044; x_wconf 84' lang='grc'><strong>60</strong></span> <span class='ocrx_word' id='word_1_41' title='bbox 263 983 393 1048; x_wconf 88' lang='grc' dir='ltr'>ΧΧΙΙΙ.</span> <span class='ocrx_word' id='word_1_42' title='bbox 438 983 572 1049; x_wconf 78' lang='lat' dir='ltr'><strong>Dictum</strong></span> <span class='ocrx_word' id='word_1_43' title='bbox 588 991 638 1049; x_wconf 91' lang='lat' dir='ltr'><strong>est</strong></span> <span class='ocrx_word' id='word_1_44' title='bbox 658 985 698 1050; x_wconf 90' lang='lat' dir='ltr'><strong>de</strong></span> <span class='ocrx_word' id='word_1_45' title='bbox 717 986 865 1051; x_wconf 87' lang='lat' dir='ltr'><strong>universo</strong></span> <span class='ocrx_word' id='word_1_46' title='bbox 879 986 1010 1064; x_wconf 92' lang='lat' dir='ltr'><strong>mundo,</strong></span> <span class='ocrx_word' id='word_1_47' title='bbox 1025 984 1149 1050; x_wconf 89' lang='lat' dir='ltr'><strong>dictum</strong></span> <span class='ocrx_word' id='word_1_48' title='bbox 1164 984 1263 1050; x_wconf 89' lang='lat' dir='ltr'><strong>etiam</strong></span> <span class='ocrx_word' id='word_1_49' title='bbox 1280 985 1355 1069; x_wconf 90' lang='lat' dir='ltr'><strong>[est]</strong></span> <span class='ocrx_word' id='word_1_50' title='bbox 1379 1004 1410 1066; x_wconf 67' lang='grc'><strong>,5</strong></span> 
     </span>
     <span class='ocr_line' id='line_1_7' title="bbox 198 1086 1357 1177; baseline -0.001 -25"><span class='ocrx_word' id='word_1_51' title='bbox 198 1086 239 1152; x_wconf 91' lang='lat' dir='ltr'><strong>de</strong></span> <span class='ocrx_word' id='word_1_52' title='bbox 254 1086 420 1177; x_wconf 90' lang='lat' dir='ltr'><strong>sideribus,</strong></span> <span class='ocrx_word' id='word_1_53' title='bbox 436 1096 475 1152; x_wconf 93' lang='lat' dir='ltr'><strong>ut</strong></span> <span class='ocrx_word' id='word_1_54' title='bbox 484 1087 555 1174; x_wconf 91' lang='lat' dir='ltr'><strong>jam</strong></span> <span class='ocrx_word' id='word_1_55' title='bbox 571 1111 670 1174; x_wconf 91' lang='lat' dir='ltr'><strong>prope</strong></span> <span class='ocrx_word' id='word_1_56' title='bbox 690 1089 823 1154; x_wconf 90' lang='lat' dir='ltr'><strong>modum</strong></span> <span class='ocrx_word' id='word_1_57' title='bbox 842 1096 997 1175; x_wconf 76' lang='lat' dir='ltr'><strong>appareat</strong></span> <span class='ocrx_word' id='word_1_58' title='bbox 1017 1087 1194 1153; x_wconf 90' lang='lat' dir='ltr'><strong>multitudo</strong></span> <span class='ocrx_word' id='word_1_59' title='bbox 1213 1109 1272 1151; x_wconf 89' lang='lat' dir='ltr'><strong>nec</strong></span> <span class='ocrx_word' id='word_1_60' title='bbox 1291 1108 1357 1151; x_wconf 86' lang='lat' dir='ltr'><strong>oes-</strong></span> 
     </span>
     <span class='ocr_line' id='line_1_8' title="bbox 199 1189 1357 1278; baseline -0.001 -24"><span class='ocrx_word' id='word_1_61' title='bbox 199 1189 341 1254; x_wconf 75' lang='lat' dir='ltr'><strong>santium</strong></span> <span class='ocrx_word' id='word_1_62' title='bbox 366 1190 500 1254; x_wconf 92' lang='lat' dir='ltr'><strong>deorum</strong></span> <span class='ocrx_word' id='word_1_63' title='bbox 523 1213 582 1256; x_wconf 89' lang='lat' dir='ltr'><strong>nec</strong></span> <span class='ocrx_word' id='word_1_64' title='bbox 607 1214 655 1269; x_wconf 90' lang='lat' dir='ltr'><strong>ea,</strong></span> <span class='ocrx_word' id='word_1_65' title='bbox 681 1214 764 1278; x_wconf 88' lang='lat' dir='ltr'><strong>quae</strong></span> <span class='ocrx_word' id='word_1_66' title='bbox 789 1199 896 1278; x_wconf 83' lang='lat' dir='ltr'><strong>agant,</strong></span> <span class='ocrx_word' id='word_1_67' title='bbox 920 1191 1125 1256; x_wconf 80' lang='lat' dir='ltr'><strong>molientium</strong></span> <span class='ocrx_word' id='word_1_68' title='bbox 1151 1213 1226 1255; x_wconf 91' lang='lat' dir='ltr'><strong>cum</strong></span> <span class='ocrx_word' id='word_1_69' title='bbox 1249 1189 1357 1254; x_wconf 89' lang='lat' dir='ltr'><strong>labore</strong></span> 
     </span>
     <span class='ocr_line' id='line_1_9' title="bbox 199 1294 1358 1380; baseline -0.002 -22"><span class='ocrx_word' id='word_1_70' title='bbox 199 1316 329 1380; x_wconf 92' lang='lat' dir='ltr'><strong>operoso</strong></span> <span class='ocrx_word' id='word_1_71' title='bbox 344 1317 381 1360; x_wconf 89' lang='lat' dir='ltr'><strong>ac</strong></span> <span class='ocrx_word' id='word_1_72' title='bbox 396 1295 538 1360; x_wconf 89' lang='lat' dir='ltr'><strong>molesto.</strong></span> <span class='ocrx_word' id='word_1_73' title='bbox 585 1295 662 1360; x_wconf 90' lang='lat' dir='ltr'><strong>Non</strong></span> <span class='ocrx_word' id='word_1_74' title='bbox 683 1297 772 1362; x_wconf 89' lang='lat' dir='ltr'><strong>enim</strong></span> <span class='ocrx_word' id='word_1_75' title='bbox 790 1297 881 1361; x_wconf 89' lang='lat' dir='ltr'><strong>venis</strong></span> <span class='ocrx_word' id='word_1_76' title='bbox 899 1305 932 1362; x_wconf 91' lang='lat' dir='ltr'><strong>et</strong></span> <span class='ocrx_word' id='word_1_77' title='bbox 954 1297 1060 1361; x_wconf 89' lang='lat' dir='ltr'><strong>nervis</strong></span> <span class='ocrx_word' id='word_1_78' title='bbox 1082 1303 1117 1360; x_wconf 92' lang='lat' dir='ltr'><strong>et</strong></span> <span class='ocrx_word' id='word_1_79' title='bbox 1138 1294 1262 1360; x_wconf 87' lang='lat' dir='ltr'><strong>ossibus</strong></span> <span class='ocrx_word' id='word_1_80' title='bbox 1283 1315 1358 1358; x_wconf 91' lang='lat' dir='ltr'><strong>con-</strong></span> 
     </span>
     <span class='ocr_line' id='line_1_10' title="bbox 198 1399 1359 1489; baseline 0.001 -26"><span class='ocrx_word' id='word_1_81' title='bbox 198 1399 344 1465; x_wconf 90' lang='lat' dir='ltr'><strong>tinentur</strong></span> <span class='ocrx_word' id='word_1_82' title='bbox 366 1424 426 1466; x_wconf 89' lang='lat' dir='ltr'><strong>nec</strong></span> <span class='ocrx_word' id='word_1_83' title='bbox 452 1401 491 1466; x_wconf 90' lang='lat' dir='ltr'><strong>iis</strong></span> <span class='ocrx_word' id='word_1_84' title='bbox 515 1402 595 1467; x_wconf 87' lang='lat' dir='ltr'><strong>escis</strong></span> <span class='ocrx_word' id='word_1_85' title='bbox 618 1411 677 1468; x_wconf 89' lang='lat' dir='ltr'><strong>aut</strong></span> <span class='ocrx_word' id='word_1_86' title='bbox 701 1404 887 1489; x_wconf 89' lang='lat' dir='ltr'><strong>potionibus</strong></span> <span class='ocrx_word' id='word_1_87' title='bbox 913 1413 1093 1481; x_wconf 87' lang='lat' dir='ltr'><strong>vescuntur,</strong></span> <span class='ocrx_word' id='word_1_88' title='bbox 1119 1409 1157 1466; x_wconf 88' lang='lat' dir='ltr'><strong>ut</strong></span> <span class='ocrx_word' id='word_1_89' title='bbox 1182 1409 1241 1466; x_wconf 89' lang='lat' dir='ltr'><strong>aut</strong></span> <span class='ocrx_word' id='word_1_90' title='bbox 1260 1400 1359 1464; x_wconf 91' lang='lat' dir='ltr'><strong>nimis</strong></span> 
     </span>
     <span class='ocr_line' id='line_1_11' title="bbox 198 1506 1412 1594; baseline 0.001 -26"><span class='ocrx_word' id='word_1_91' title='bbox 198 1526 286 1569; x_wconf 87' lang='lat' dir='ltr'><strong>acres</strong></span> <span class='ocrx_word' id='word_1_92' title='bbox 311 1514 370 1570; x_wconf 89' lang='lat' dir='ltr'><strong>aut</strong></span> <span class='ocrx_word' id='word_1_93' title='bbox 394 1507 491 1572; x_wconf 90' lang='lat' dir='ltr'><strong>nimis</strong></span> <span class='ocrx_word' id='word_1_94' title='bbox 514 1517 678 1573; x_wconf 86' lang='lat' dir='ltr'><strong>concretos</strong></span> <span class='ocrx_word' id='word_1_95' title='bbox 698 1532 825 1574; x_wconf 87' lang='lat' dir='ltr'><strong>umores</strong></span> <span class='ocrx_word' id='word_1_96' title='bbox 845 1509 1007 1594; x_wconf 84' lang='lat' dir='ltr'><strong>colligant,</strong></span> <span class='ocrx_word' id='word_1_97' title='bbox 1030 1530 1090 1572; x_wconf 89' lang='lat' dir='ltr'><strong>nec</strong></span> <span class='ocrx_word' id='word_1_98' title='bbox 1111 1507 1152 1571; x_wconf 93' lang='lat' dir='ltr'><strong>iis</strong></span> <span class='ocrx_word' id='word_1_99' title='bbox 1174 1506 1358 1592; x_wconf 86' lang='lat' dir='ltr'><strong>corporibus</strong></span> <span class='ocrx_word' id='word_1_100' title='bbox 1375 1529 1412 1568; x_wconf 89' lang='lat'><strong>10</strong></span> 
     </span>
     <span class='ocr_line' id='line_1_12' title="bbox 198 1610 1358 1686; baseline 0 -13"><span class='ocrx_word' id='word_1_101' title='bbox 198 1616 284 1686; x_wconf 90' lang='lat' dir='ltr'><strong>sunt,</strong></span> <span class='ocrx_word' id='word_1_102' title='bbox 308 1617 346 1674; x_wconf 91' lang='lat' dir='ltr'><strong>ut</strong></span> <span class='ocrx_word' id='word_1_103' title='bbox 372 1632 463 1675; x_wconf 88' lang='lat' dir='ltr'><strong>casus</strong></span> <span class='ocrx_word' id='word_1_104' title='bbox 489 1619 548 1676; x_wconf 91' lang='lat' dir='ltr'><strong>aut</strong></span> <span class='ocrx_word' id='word_1_105' title='bbox 572 1612 657 1676; x_wconf 86' lang='lat' dir='ltr'><strong>ictus</strong></span> <span class='ocrx_word' id='word_1_106' title='bbox 679 1613 892 1677; x_wconf 84' lang='lat' dir='ltr'><strong>extimescant</strong></span> <span class='ocrx_word' id='word_1_107' title='bbox 914 1620 973 1677; x_wconf 91' lang='lat' dir='ltr'><strong>aut</strong></span> <span class='ocrx_word' id='word_1_108' title='bbox 994 1610 1121 1675; x_wconf 91' lang='lat' dir='ltr'><strong>morbos</strong></span> <span class='ocrx_word' id='word_1_109' title='bbox 1143 1617 1294 1675; x_wconf 90' lang='lat' dir='ltr'><strong>metuant</strong></span> <span class='ocrx_word' id='word_1_110' title='bbox 1317 1633 1358 1675; x_wconf 88' lang='lat' dir='ltr'><strong>ex</strong></span> 
     </span>
     <span class='ocr_line' id='line_1_13' title="bbox 199 1713 1358 1801; baseline -0.002 -22"><span class='ocrx_word' id='word_1_111' title='bbox 199 1713 429 1800; x_wconf 83' lang='lat' dir='ltr'><strong>defetigatione</strong></span> <span class='ocrx_word' id='word_1_112' title='bbox 444 1714 663 1780; x_wconf 90' lang='lat' dir='ltr'><strong>membrorum</strong></span> <span class='ocrx_word' id='word_1_113' title='bbox 675 1741 682 1794; x_wconf 93' lang='lat'>;</span> <span class='ocrx_word' id='word_1_114' title='bbox 707 1737 790 1801; x_wconf 90' lang='lat' dir='ltr'><strong>quae</strong></span> <span class='ocrx_word' id='word_1_115' title='bbox 805 1737 919 1780; x_wconf 89' lang='lat' dir='ltr'><strong>verens</strong></span> <span class='ocrx_word' id='word_1_116' title='bbox 931 1715 1089 1800; x_wconf 84' lang='lat' dir='ltr'><strong>Epicurus</strong></span> <span class='ocrx_word' id='word_1_117' title='bbox 1100 1735 1358 1800; x_wconf 83' lang='lat' dir='ltr'><strong>monogrammos</strong></span> 
     </span>
    </p>

    <p class='ocr_par' dir='ltr' id='par_1_4' title="bbox 149 1818 1411 2193">
     <span class='ocr_line' id='line_1_14' title="bbox 149 1818 1359 1905; baseline -0.002 -21"><span class='ocrx_word' id='word_1_118' title='bbox 149 1824 186 1884; x_wconf 99' lang='grc'><strong>60</strong></span> <span class='ocrx_word' id='word_1_119' title='bbox 199 1819 276 1884; x_wconf 89' lang='lat' dir='ltr'><strong>deos</strong></span> <span class='ocrx_word' id='word_1_120' title='bbox 299 1826 333 1883; x_wconf 89' lang='lat' dir='ltr'><strong>et</strong></span> <span class='ocrx_word' id='word_1_121' title='bbox 358 1819 441 1882; x_wconf 92' lang='lat' dir='ltr'><strong>nihil</strong></span> <span class='ocrx_word' id='word_1_122' title='bbox 465 1828 598 1904; x_wconf 89' lang='lat' dir='ltr'><strong>agentes</strong></span> <span class='ocrx_word' id='word_1_123' title='bbox 619 1829 821 1883; x_wconf 89' lang='lat' dir='ltr'><strong>commentus</strong></span> <span class='ocrx_word' id='word_1_124' title='bbox 843 1829 902 1884; x_wconf 89' lang='lat' dir='ltr'><strong>est.</strong></span> <span class='ocrx_word' id='word_1_125' title='bbox 948 1819 1002 1883; x_wconf 83' lang='lat' dir='ltr'><strong>llli</strong></span> <span class='ocrx_word' id='word_1_126' title='bbox 1017 1827 1128 1884; x_wconf 91' lang='lat' dir='ltr'><strong>autem</strong></span> <span class='ocrx_word' id='word_1_127' title='bbox 1142 1818 1359 1905; x_wconf 86' lang='lat' dir='ltr'><strong>pulcherrima</strong></span> 
     </span>
     <span class='ocr_line' id='line_1_15' title="bbox 199 1921 1358 2008; baseline -0.002 -22"><span class='ocrx_word' id='word_1_128' title='bbox 199 1923 302 1986; x_wconf 89' lang='lat' dir='ltr'><strong>forma</strong></span> <span class='ocrx_word' id='word_1_129' title='bbox 315 1921 454 2008; x_wconf 90' lang='lat' dir='ltr'><strong>praediti</strong></span> <span class='ocrx_word' id='word_1_130' title='bbox 469 1922 704 2008; x_wconf 90' lang='lat' dir='ltr'><strong>purissimaque</strong></span> <span class='ocrx_word' id='word_1_131' title='bbox 719 1922 752 1986; x_wconf 93' lang='lat' dir='ltr'><strong>in</strong></span> <span class='ocrx_word' id='word_1_132' title='bbox 772 1923 902 2008; x_wconf 85' lang='lat' dir='ltr'><strong>regione</strong></span> <span class='ocrx_word' id='word_1_133' title='bbox 922 1924 1002 1989; x_wconf 89' lang='lat' dir='ltr'><strong>caeli</strong></span> <span class='ocrx_word' id='word_1_134' title='bbox 1023 1923 1168 1988; x_wconf 89' lang='lat' dir='ltr'><strong>collocati</strong></span> <span class='ocrx_word' id='word_1_135' title='bbox 1188 1923 1236 1987; x_wconf 91' lang='lat' dir='ltr'><strong>ita</strong></span> <span class='ocrx_word' id='word_1_136' title='bbox 1250 1923 1358 1986; x_wconf 89' lang='lat' dir='ltr'><strong>ferun-</strong></span> 
     </span>
     <span class='ocr_line' id='line_1_16' title="bbox 199 2024 1411 2110; baseline -0.002 -22"><span class='ocrx_word' id='word_1_137' title='bbox 199 2032 254 2089; x_wconf 90' lang='lat' dir='ltr'><strong>tur</strong></span> <span class='ocrx_word' id='word_1_138' title='bbox 272 2024 543 2110; x_wconf 90' lang='lat' dir='ltr'><strong>moderanturque</strong></span> <span class='ocrx_word' id='word_1_139' title='bbox 564 2047 683 2104; x_wconf 85' lang='lat' dir='ltr'><strong>cursus,</strong></span> <span class='ocrx_word' id='word_1_140' title='bbox 702 2034 741 2090; x_wconf 90' lang='lat' dir='ltr'><strong>ut</strong></span> <span class='ocrx_word' id='word_1_141' title='bbox 762 2026 802 2090; x_wconf 91' lang='lat' dir='ltr'><strong>ad</strong></span> <span class='ocrx_word' id='word_1_142' title='bbox 821 2026 930 2090; x_wconf 90' lang='lat' dir='ltr'><strong>omnia</strong></span> <span class='ocrx_word' id='word_1_143' title='bbox 948 2026 1165 2090; x_wconf 87' lang='lat' dir='ltr'><strong>conservanda</strong></span> <span class='ocrx_word' id='word_1_144' title='bbox 1184 2036 1218 2091; x_wconf 91' lang='lat' dir='ltr'><strong>et</strong></span> <span class='ocrx_word' id='word_1_145' title='bbox 1236 2025 1359 2091; x_wconf 88' lang='lat' dir='ltr'><strong>tuenda</strong></span> <span class='ocrx_word' id='word_1_146' title='bbox 1376 2041 1411 2103; x_wconf 84' lang='lat'><strong>15</strong></span> 
     </span>
     <span class='ocr_line' id='line_1_17' title="bbox 199 2127 588 2193; baseline 0.003 -2"><span class='ocrx_word' id='word_1_147' title='bbox 199 2127 396 2192; x_wconf 89' lang='lat' dir='ltr'><strong>consensisse</strong></span> <span class='ocrx_word' id='word_1_148' title='bbox 411 2127 588 2193; x_wconf 89' lang='lat' dir='ltr'><strong>videantur.</strong></span> 
     </span>
    </p>

    <p class='ocr_par' dir='ltr' id='par_1_5' title="bbox 198 2228 1414 2939">
     <span class='ocr_line' id='line_1_18' title="bbox 265 2228 1359 2317; baseline -0.003 -22"><span class='ocrx_word' id='word_1_149' title='bbox 265 2230 390 2296; x_wconf 86' lang='lat' dir='ltr'><strong>Multae</strong></span> <span class='ocrx_word' id='word_1_150' title='bbox 416 2231 632 2299; x_wconf 78' lang='lat' dir='ltr'><strong>autemaliae</strong></span> <span class='ocrx_word' id='word_1_151' title='bbox 656 2240 792 2296; x_wconf 89' lang='lat' dir='ltr'><strong>naturae</strong></span> <span class='ocrx_word' id='word_1_152' title='bbox 817 2230 950 2296; x_wconf 90' lang='lat' dir='ltr'><strong>deorum</strong></span> <span class='ocrx_word' id='word_1_153' title='bbox 976 2255 1016 2297; x_wconf 84' lang='lat' dir='ltr'><strong>ex</strong></span> <span class='ocrx_word' id='word_1_154' title='bbox 1043 2231 1169 2317; x_wconf 86' lang='lat' dir='ltr'><strong>magnis</strong></span> <span class='ocrx_word' id='word_1_155' title='bbox 1195 2228 1359 2296; x_wconf 91' lang='lat' dir='ltr'><strong>beneficiis</strong></span> 
     </span>
     <span class='ocr_line' id='line_1_19' title="bbox 199 2334 1359 2420; baseline -0.003 -20"><span class='ocrx_word' id='word_1_156' title='bbox 199 2356 310 2400; x_wconf 91' lang='lat' dir='ltr'><strong>eorum</strong></span> <span class='ocrx_word' id='word_1_157' title='bbox 325 2358 392 2400; x_wconf 95' lang='lat' dir='ltr'><strong>non</strong></span> <span class='ocrx_word' id='word_1_158' title='bbox 407 2335 476 2399; x_wconf 91' lang='lat' dir='ltr'><strong>sine</strong></span> <span class='ocrx_word' id='word_1_159' title='bbox 490 2357 586 2400; x_wconf 88' lang='lat' dir='ltr'><strong>causa</strong></span> <span class='ocrx_word' id='word_1_160' title='bbox 601 2345 634 2400; x_wconf 93' lang='lat' dir='ltr'><strong>et</strong></span> <span class='ocrx_word' id='word_1_161' title='bbox 646 2358 666 2400; x_wconf 92' lang='lat' dir='ltr'><strong>a</strong></span> <span class='ocrx_word' id='word_1_162' title='bbox 676 2336 829 2401; x_wconf 87' lang='lat' dir='ltr'><strong>Graeciae</strong></span> <span class='ocrx_word' id='word_1_163' title='bbox 841 2334 1086 2420; x_wconf 88' lang='lat' dir='ltr'><strong>sapientissimis</strong></span> <span class='ocrx_word' id='word_1_164' title='bbox 1101 2343 1135 2399; x_wconf 93' lang='lat' dir='ltr'><strong>et</strong></span> <span class='ocrx_word' id='word_1_165' title='bbox 1150 2357 1170 2399; x_wconf 92' lang='lat' dir='ltr'><strong>a</strong></span> <span class='ocrx_word' id='word_1_166' title='bbox 1184 2334 1359 2420; x_wconf 89' lang='lat' dir='ltr'><strong>majoribus</strong></span> 
     </span>
     <span class='ocr_line' id='line_1_20' title="bbox 198 2438 1359 2526; baseline -0.003 -22"><span class='ocrx_word' id='word_1_167' title='bbox 198 2440 317 2505; x_wconf 88' lang='lat' dir='ltr'><strong>nostris</strong></span> <span class='ocrx_word' id='word_1_168' title='bbox 331 2440 526 2506; x_wconf 83' lang='lat' dir='ltr'><strong>constitutae</strong></span> <span class='ocrx_word' id='word_1_169' title='bbox 540 2441 791 2526; x_wconf 88' lang='lat' dir='ltr'><strong>nominataeque</strong></span> <span class='ocrx_word' id='word_1_170' title='bbox 806 2448 891 2505; x_wconf 88' lang='lat' dir='ltr'><strong>sunt.</strong></span> <span class='ocrx_word' id='word_1_171' title='bbox 930 2438 1092 2524; x_wconf 77' lang='lat' dir='ltr'><strong>Quicquid</strong></span> <span class='ocrx_word' id='word_1_172' title='bbox 1105 2439 1192 2504; x_wconf 91' lang='lat' dir='ltr'><strong>enim</strong></span> <span class='ocrx_word' id='word_1_173' title='bbox 1207 2459 1359 2524; x_wconf 88' lang='lat' dir='ltr'><strong>magnam</strong></span> 
     </span>
     <span class='ocr_line' id='line_1_21' title="bbox 198 2540 1414 2628; baseline -0.001 -21"><span class='ocrx_word' id='word_1_174' title='bbox 198 2543 376 2608; x_wconf 84' lang='lat' dir='ltr'><strong>utilitatem</strong></span> <span class='ocrx_word' id='word_1_175' title='bbox 395 2543 505 2628; x_wconf 86' lang='lat' dir='ltr'><strong>generi</strong></span> <span class='ocrx_word' id='word_1_176' title='bbox 527 2544 656 2608; x_wconf 87' lang='lat' dir='ltr'><strong>afferret</strong></span> <span class='ocrx_word' id='word_1_177' title='bbox 676 2544 827 2621; x_wconf 91' lang='lat' dir='ltr'><strong>humano,</strong></span> <span class='ocrx_word' id='word_1_178' title='bbox 847 2541 881 2606; x_wconf 91' lang='lat' dir='ltr'><strong>id</strong></span> <span class='ocrx_word' id='word_1_179' title='bbox 902 2564 967 2606; x_wconf 93' lang='lat' dir='ltr'><strong>non</strong></span> <span class='ocrx_word' id='word_1_180' title='bbox 990 2541 1059 2605; x_wconf 93' lang='lat' dir='ltr'><strong>sine</strong></span> <span class='ocrx_word' id='word_1_181' title='bbox 1082 2540 1191 2605; x_wconf 88' lang='lat' dir='ltr'><strong>divina</strong></span> <span class='ocrx_word' id='word_1_182' title='bbox 1213 2540 1359 2605; x_wconf 85' lang='lat' dir='ltr'><strong>bonitate</strong></span> <span class='ocrx_word' id='word_1_183' title='bbox 1375 2566 1414 2606; x_wconf 87' lang='lat'><strong>20</strong></span> 
     </span>
     <span class='ocr_line' id='line_1_22' title="bbox 200 2644 1361 2731; baseline -0.002 -21"><span class='ocrx_word' id='word_1_184' title='bbox 200 2667 275 2731; x_wconf 90' lang='lat' dir='ltr'><strong>erga</strong></span> <span class='ocrx_word' id='word_1_185' title='bbox 289 2646 436 2711; x_wconf 86' lang='lat' dir='ltr'><strong>homines</strong></span> <span class='ocrx_word' id='word_1_186' title='bbox 451 2646 521 2711; x_wconf 90' lang='lat' dir='ltr'><strong>fieri</strong></span> <span class='ocrx_word' id='word_1_187' title='bbox 536 2647 782 2712; x_wconf 87' lang='lat' dir='ltr'><strong>arbitrabantur.</strong></span> <span class='ocrx_word' id='word_1_188' title='bbox 828 2646 946 2731; x_wconf 89' lang='lat' dir='ltr'><strong>Itaque</strong></span> <span class='ocrx_word' id='word_1_189' title='bbox 957 2654 1030 2710; x_wconf 93' lang='lat' dir='ltr'><strong>tum</strong></span> <span class='ocrx_word' id='word_1_190' title='bbox 1045 2644 1137 2722; x_wconf 90' lang='lat' dir='ltr'><strong>illud,</strong></span> <span class='ocrx_word' id='word_1_191' title='bbox 1152 2644 1240 2730; x_wconf 90' lang='lat' dir='ltr'><strong>quod</strong></span> <span class='ocrx_word' id='word_1_192' title='bbox 1256 2652 1361 2709; x_wconf 90' lang='lat' dir='ltr'><strong>erata</strong></span> 
     </span>
     <span class='ocr_line' id='line_1_23' title="bbox 199 2748 1361 2835; baseline 0 -21"><span class='ocrx_word' id='word_1_193' title='bbox 199 2748 260 2814; x_wconf 92' lang='lat' dir='ltr'><strong>deo</strong></span> <span class='ocrx_word' id='word_1_194' title='bbox 289 2756 413 2827; x_wconf 87' lang='lat' dir='ltr'><strong>natum,</strong></span> <span class='ocrx_word' id='word_1_195' title='bbox 440 2752 570 2815; x_wconf 91' lang='lat' dir='ltr'><strong>nomine</strong></span> <span class='ocrx_word' id='word_1_196' title='bbox 599 2750 700 2834; x_wconf 90' lang='lat' dir='ltr'><strong>ipsius</strong></span> <span class='ocrx_word' id='word_1_197' title='bbox 730 2750 783 2815; x_wconf 90' lang='lat' dir='ltr'><strong>dei</strong></span> <span class='ocrx_word' id='word_1_198' title='bbox 811 2750 1052 2835; x_wconf 88' lang='lat' dir='ltr'><strong>nuncupabant,</strong></span> <span class='ocrx_word' id='word_1_199' title='bbox 1081 2759 1119 2814; x_wconf 88' lang='lat' dir='ltr'><strong>ut</strong></span> <span class='ocrx_word' id='word_1_200' title='bbox 1148 2771 1223 2814; x_wconf 86' lang='lat' dir='ltr'><strong>oum</strong></span> <span class='ocrx_word' id='word_1_201' title='bbox 1252 2750 1361 2835; x_wconf 83' lang='lat' dir='ltr'><strong>fruges</strong></span> 
     </span>
     <span class='ocr_line' id='line_1_24' title="bbox 200 2852 1360 2939; baseline 0 -21"><span class='ocrx_word' id='word_1_202' title='bbox 200 2852 351 2918; x_wconf 76' lang='lat' dir='ltr'><strong>Cererem</strong></span> <span class='ocrx_word' id='word_1_203' title='bbox 386 2853 594 2938; x_wconf 90' lang='lat' dir='ltr'><strong>appellamus,</strong></span> <span class='ocrx_word' id='word_1_204' title='bbox 623 2854 737 2918; x_wconf 85' lang='lat' dir='ltr'><strong>vinum</strong></span> <span class='ocrx_word' id='word_1_205' title='bbox 775 2862 887 2918; x_wconf 91' lang='lat' dir='ltr'><strong>autem</strong></span> <span class='ocrx_word' id='word_1_206' title='bbox 918 2854 1083 2934; x_wconf 90' lang='lat' dir='ltr'><strong>Liberum,</strong></span> <span class='ocrx_word' id='word_1_207' title='bbox 1115 2876 1155 2918; x_wconf 88' lang='lat' dir='ltr'><strong>ex</strong></span> <span class='ocrx_word' id='word_1_208' title='bbox 1184 2876 1249 2939; x_wconf 93' lang='lat' dir='ltr'><strong>quo</strong></span> <span class='ocrx_word' id='word_1_209' title='bbox 1278 2854 1360 2918; x_wconf 91' lang='lat' dir='ltr'><strong>illud</strong></span> 
     </span>
    </p>
   </div>
   <div class='ocr_carea' id='block_1_3' title="bbox 199 2956 1412 3140">
    <p class='ocr_par' dir='ltr' id='par_1_6' title="bbox 199 2956 1412 3140">
     <span class='ocr_line' id='line_1_25' title="bbox 199 2956 344 3021; baseline -0.007 0"><span class='ocrx_word' id='word_1_210' title='bbox 199 2956 344 3021; x_wconf 86' lang='lat' dir='ltr'><strong>Terentii</strong></span> 
     </span>
     <span class='ocr_line' id='line_1_26' title="bbox 447 3058 1412 3140; baseline 0.01 -28"><span class='ocrx_word' id='word_1_211' title='bbox 447 3058 519 3113; x_wconf 87' lang='lat' dir='ltr'><strong>sine</strong></span> <span class='ocrx_word' id='word_1_212' title='bbox 537 3058 656 3114; x_wconf 82' lang='lat' dir='ltr'><strong>Cerere</strong></span> <span class='ocrx_word' id='word_1_213' title='bbox 674 3061 707 3114; x_wconf 86' lang='lat' dir='ltr'><strong>et</strong></span> <span class='ocrx_word' id='word_1_214' title='bbox 725 3058 844 3114; x_wconf 88' lang='lat' dir='ltr'><strong>Libero</strong></span> <span class='ocrx_word' id='word_1_215' title='bbox 861 3058 965 3130; x_wconf 85' lang='lat' dir='ltr'><strong>friget</strong></span> <span class='ocrx_word' id='word_1_216' title='bbox 982 3059 1111 3127; x_wconf 82' lang='lat' dir='ltr'><strong>Venus3</strong></span> <span class='ocrx_word' id='word_1_217' title='bbox 1376 3080 1412 3140; x_wconf 84' lang='lat'><strong>25</strong></span> 
     </span>
    </p>
   </div>
   <div class='ocr_carea' id='block_1_4' title="bbox 150 3164 1413 3677">
    <p class='ocr_par' dir='ltr' id='par_1_7' title="bbox 150 3164 1413 3677">
     <span class='ocr_line' id='line_1_27' title="bbox 150 3164 1406 3260; baseline -0.004 -18"><span class='ocrx_word' id='word_1_218' title='bbox 150 3181 186 3242; x_wconf 86' lang='grc'><strong>61</strong></span> <span class='ocrx_word' id='word_1_219' title='bbox 200 3181 272 3238; x_wconf 88' lang='lat' dir='ltr'><strong>tum</strong></span> <span class='ocrx_word' id='word_1_220' title='bbox 287 3183 399 3246; x_wconf 85' lang='lat' dir='ltr'><strong>autem</strong></span> <span class='ocrx_word' id='word_1_221' title='bbox 413 3195 463 3238; x_wconf 89' lang='lat' dir='ltr'><strong>res</strong></span> <span class='ocrx_word' id='word_1_222' title='bbox 477 3173 555 3259; x_wconf 90' lang='lat' dir='ltr'><strong>ipsa,</strong></span> <span class='ocrx_word' id='word_1_223' title='bbox 571 3174 606 3238; x_wconf 94' lang='lat' dir='ltr'><strong>in</strong></span> <span class='ocrx_word' id='word_1_224' title='bbox 621 3196 686 3259; x_wconf 89' lang='lat' dir='ltr'><strong>qua</strong></span> <span class='ocrx_word' id='word_1_225' title='bbox 699 3174 748 3238; x_wconf 90' lang='lat' dir='ltr'><strong>vis</strong></span> <span class='ocrx_word' id='word_1_226' title='bbox 764 3174 849 3239; x_wconf 89' lang='lat' dir='ltr'><strong>inest</strong></span> <span class='ocrx_word' id='word_1_227' title='bbox 864 3175 967 3260; x_wconf 88' lang='lat' dir='ltr'><strong>major</strong></span> <span class='ocrx_word' id='word_1_228' title='bbox 981 3175 1099 3260; x_wconf 87' lang='lat' dir='ltr'><strong>aliqua,</strong></span> <span class='ocrx_word' id='word_1_229' title='bbox 1110 3174 1155 3240; x_wconf 88' lang='lat' dir='ltr'><strong>sic</strong></span> <span class='ocrx_word' id='word_1_230' title='bbox 1169 3175 1360 3260; x_wconf 87' lang='lat' dir='ltr'><strong>appellatur,</strong></span> <span class='ocrx_word' id='word_1_231' title='bbox 1404 3164 1406 3168; x_wconf 23' lang='lat'>³</span> 
     </span>
     <span class='ocr_line' id='line_1_28' title="bbox 199 3277 1359 3364; baseline 0 -22"><span class='ocrx_word' id='word_1_232' title='bbox 199 3285 238 3342; x_wconf 91' lang='lat' dir='ltr'><strong>ut</strong></span> <span class='ocrx_word' id='word_1_233' title='bbox 253 3300 292 3342; x_wconf 92' lang='lat' dir='ltr'><strong>ea</strong></span> <span class='ocrx_word' id='word_1_234' title='bbox 305 3277 376 3362; x_wconf 90' lang='lat' dir='ltr'><strong>ipsa</strong></span> <span class='ocrx_word' id='word_1_235' title='bbox 391 3277 577 3342; x_wconf 88' lang='lat' dir='ltr'><strong>nominetur</strong></span> <span class='ocrx_word' id='word_1_236' title='bbox 592 3277 680 3355; x_wconf 89' lang='lat' dir='ltr'><strong>deus,</strong></span> <span class='ocrx_word' id='word_1_237' title='bbox 696 3286 734 3342; x_wconf 92' lang='lat' dir='ltr'><strong>ut</strong></span> <span class='ocrx_word' id='word_1_238' title='bbox 756 3277 863 3349; x_wconf 82' lang='lat' dir='ltr'><strong>Fides.</strong></span> <span class='ocrx_word' id='word_1_239' title='bbox 880 3288 918 3342; x_wconf 92' lang='lat' dir='ltr'><strong>ut</strong></span> <span class='ocrx_word' id='word_1_240' title='bbox 933 3279 1035 3356; x_wconf 89' lang='lat' dir='ltr'><strong>Mens,</strong></span> <span class='ocrx_word' id='word_1_241' title='bbox 1053 3301 1133 3364; x_wconf 90' lang='lat' dir='ltr'><strong>quas</strong></span> <span class='ocrx_word' id='word_1_242' title='bbox 1148 3278 1183 3342; x_wconf 92' lang='lat' dir='ltr'><strong>in</strong></span> <span class='ocrx_word' id='word_1_243' title='bbox 1200 3278 1359 3364; x_wconf 82' lang='lat' dir='ltr'><strong>Capitolio</strong></span> 
     </span>
     <span class='ocr_line' id='line_1_29' title="bbox 200 3380 1360 3467; baseline -0.002 -20"><span class='ocrx_word' id='word_1_244' title='bbox 200 3381 364 3447; x_wconf 90' lang='lat' dir='ltr'><strong>dedicatas</strong></span> <span class='ocrx_word' id='word_1_245' title='bbox 379 3380 527 3446; x_wconf 86' lang='lat' dir='ltr'><strong>videmus</strong></span> <span class='ocrx_word' id='word_1_246' title='bbox 537 3381 682 3467; x_wconf 84' lang='lat' dir='ltr'><strong>proxime</strong></span> <span class='ocrx_word' id='word_1_247' title='bbox 698 3404 718 3445; x_wconf 93' lang='lat' dir='ltr'><strong>a</strong></span> <span class='ocrx_word' id='word_1_248' title='bbox 733 3382 778 3446; x_wconf 89' lang='lat' dir='ltr'><strong>M.</strong></span> <span class='ocrx_word' id='word_1_249' title='bbox 791 3381 934 3447; x_wconf 92' lang='lat' dir='ltr'><strong>Aemilio</strong></span> <span class='ocrx_word' id='word_1_250' title='bbox 947 3382 1067 3448; x_wconf 86' lang='lat' dir='ltr'><strong>Scauro</strong></span> <span class='ocrx_word' id='word_1_251' title='bbox 1078 3406 1086 3462; x_wconf 93' lang='lat'>;</span> <span class='ocrx_word' id='word_1_252' title='bbox 1108 3391 1184 3448; x_wconf 90' lang='lat' dir='ltr'><strong>ante</strong></span> <span class='ocrx_word' id='word_1_253' title='bbox 1196 3391 1306 3447; x_wconf 88' lang='lat' dir='ltr'><strong>autern</strong></span> <span class='ocrx_word' id='word_1_254' title='bbox 1318 3382 1360 3446; x_wconf 89' lang='lat' dir='ltr'><strong>ab</strong></span> 
     </span>
     <span class='ocr_line' id='line_1_30' title="bbox 199 3485 1359 3553; baseline 0.001 -3"><span class='ocrx_word' id='word_1_255' title='bbox 199 3485 244 3551; x_wconf 84' lang='lat' dir='ltr'><strong>A.</strong></span> <span class='ocrx_word' id='word_1_256' title='bbox 266 3485 370 3551; x_wconf 87' lang='lat' dir='ltr'><strong>Atilio</strong></span> <span class='ocrx_word' id='word_1_257' title='bbox 390 3485 539 3552; x_wconf 84' lang='lat' dir='ltr'><strong>Calatino</strong></span> <span class='ocrx_word' id='word_1_258' title='bbox 558 3494 627 3551; x_wconf 91' lang='lat' dir='ltr'><strong>erat</strong></span> <span class='ocrx_word' id='word_1_259' title='bbox 647 3487 745 3551; x_wconf 84' lang='lat' dir='ltr'><strong>Fides</strong></span> <span class='ocrx_word' id='word_1_260' title='bbox 763 3497 954 3553; x_wconf 86' lang='lat' dir='ltr'><strong>consecrata</strong></span> <span class='ocrx_word' id='word_1_261' title='bbox 999 3486 1101 3552; x_wconf 87' lang='lat' dir='ltr'><strong>Vides</strong></span> <span class='ocrx_word' id='word_1_262' title='bbox 1115 3487 1257 3552; x_wconf 90' lang='lat' dir='ltr'><strong>Virtutis</strong></span> <span class='ocrx_word' id='word_1_263' title='bbox 1276 3496 1359 3552; x_wconf 90' lang='lat' dir='ltr'><strong>tem-</strong></span> 
     </span>
     <span class='ocr_line' id='line_1_31' title="bbox 198 3589 1413 3677; baseline 0.004 -24"><span class='ocrx_word' id='word_1_264' title='bbox 198 3590 302 3676; x_wconf 92' lang='lat' dir='ltr'><strong>plum,</strong></span> <span class='ocrx_word' id='word_1_265' title='bbox 317 3589 408 3655; x_wconf 89' lang='lat' dir='ltr'><strong>vides</strong></span> <span class='ocrx_word' id='word_1_266' title='bbox 422 3589 563 3655; x_wconf 86' lang='lat' dir='ltr'><strong>Honoris</strong></span> <span class='ocrx_word' id='word_1_267' title='bbox 578 3614 598 3655; x_wconf 92' lang='lat' dir='ltr'><strong>a</strong></span> <span class='ocrx_word' id='word_1_268' title='bbox 612 3590 656 3656; x_wconf 74' lang='grc' dir='ltr'><strong>Μ</strong></span> <span class='ocrx_word' id='word_1_269' title='bbox 672 3590 825 3655; x_wconf 87' lang='lat' dir='ltr'><strong>Marcello</strong></span> <span class='ocrx_word' id='word_1_270' title='bbox 840 3600 1041 3669; x_wconf 87' lang='lat' dir='ltr'><strong>renovatum,</strong></span> <span class='ocrx_word' id='word_1_271' title='bbox 1058 3590 1143 3677; x_wconf 90' lang='lat' dir='ltr'><strong>quod</strong></span> <span class='ocrx_word' id='word_1_272' title='bbox 1167 3613 1230 3656; x_wconf 79' lang='lat' dir='ltr'><strong>uon</strong></span> <span class='ocrx_word' id='word_1_273' title='bbox 1248 3591 1359 3656; x_wconf 88' lang='lat' dir='ltr'><strong>multis</strong></span> <span class='ocrx_word' id='word_1_274' title='bbox 1373 3617 1413 3674; x_wconf 86' lang='lat'><strong>30</strong></span> 
     </span>
    </p>
   </div>
   <div class='ocr_carea' id='block_1_5' title="bbox 199 3769 1359 4490">
    <p class='ocr_par' dir='ltr' id='par_1_8' title="bbox 199 3769 1359 4490">
     <span class='ocr_line' id='line_1_32' title="bbox 250 3769 1359 3838; baseline 0.002 -18"><span class='ocrx_word' id='word_1_275' title='bbox 250 3771 264 3820; x_wconf 95' lang='lat'>1</span> <span class='ocrx_word' id='word_1_276' title='bbox 282 3769 390 3837; x_wconf 82' lang='grc' dir='ltr'>πρόνοια,</span> <span class='ocrx_word' id='word_1_277' title='bbox 401 3770 482 3823; x_wconf 85' lang='lat' dir='ltr'><strong>Latin</strong></span> <span class='ocrx_word' id='word_1_278' title='bbox 493 3771 522 3822; x_wconf 91' lang='lat' dir='ltr'><strong>in</strong></span> <span class='ocrx_word' id='word_1_279' title='bbox 534 3786 592 3822; x_wconf 81' lang='lat' dir='ltr'><strong>uss.</strong></span> <span class='ocrx_word' id='word_1_280' title='bbox 665 3775 680 3822; x_wconf 88' lang='lat'><strong><em>5</em></strong></span> <span class='ocrx_word' id='word_1_281' title='bbox 698 3774 792 3822; x_wconf 82' lang='lat' dir='ltr'><strong>dictum</strong></span> <span class='ocrx_word' id='word_1_282' title='bbox 803 3775 985 3837; x_wconf 60' lang='grc' dir='ltr'><strong>εει-1666666606</strong></span> <span class='ocrx_word' id='word_1_283' title='bbox 996 3775 1077 3824; x_wconf 80' lang='lat' dir='ltr'><strong>verbis</strong></span> <span class='ocrx_word' id='word_1_284' title='bbox 1085 3776 1224 3837; x_wconf 76' lang='lat' dir='ltr'><strong>explicatus</strong></span> <span class='ocrx_word' id='word_1_285' title='bbox 1236 3780 1272 3823; x_wconf 79' lang='lat' dir='ltr'><strong>cot</strong></span> <span class='ocrx_word' id='word_1_286' title='bbox 1284 3773 1309 3836; x_wconf 67' lang='grc' dir='ltr'><strong>(ξ</strong></span> <span class='ocrx_word' id='word_1_287' title='bbox 1317 3774 1359 3838; x_wconf 81' lang='grc'><strong>63)</strong></span> 
     </span>
     <span class='ocr_line' id='line_1_33' title="bbox 200 3853 1359 3918; baseline 0.003 -14"><span class='ocrx_word' id='word_1_288' title='bbox 200 3867 253 3905; x_wconf 88' lang='lat' dir='ltr'><strong>om.</strong></span> <span class='ocrx_word' id='word_1_289' title='bbox 267 3853 296 3904; x_wconf 90' lang='lat' dir='ltr'><strong>P.</strong></span> <span class='ocrx_word' id='word_1_290' title='bbox 362 3857 439 3905; x_wconf 81' lang='lat' dir='ltr'><strong>ctiam</strong></span> <span class='ocrx_word' id='word_1_291' title='bbox 454 3863 491 3905; x_wconf 81' lang='lat' dir='ltr'><strong>est</strong></span> <span class='ocrx_word' id='word_1_292' title='bbox 506 3856 617 3907; x_wconf 77' lang='lat' dir='ltr'><strong>ABvrcv</strong></span> <span class='ocrx_word' id='word_1_293' title='bbox 627 3855 694 3914; x_wconf 72' lang='lat' dir='ltr'><strong>edd,</strong></span> <span class='ocrx_word' id='word_1_294' title='bbox 706 3859 784 3906; x_wconf 82' lang='lat' dir='ltr'><strong>etiam</strong></span> <span class='ocrx_word' id='word_1_295' title='bbox 796 3856 861 3918; x_wconf 77' lang='lat' dir='ltr'><strong>Gne,</strong></span> <span class='ocrx_word' id='word_1_296' title='bbox 877 3865 914 3906; x_wconf 77' lang='lat' dir='ltr'><strong>eet</strong></span> <span class='ocrx_word' id='word_1_297' title='bbox 929 3859 1005 3906; x_wconf 84' lang='lat' dir='ltr'><strong>etiam</strong></span> <span class='ocrx_word' id='word_1_298' title='bbox 1016 3857 1038 3905; x_wconf 82' lang='lat' dir='ltr'><strong>E</strong></span> <span class='ocrx_word' id='word_1_299' title='bbox 1052 3857 1109 3907; x_wconf 84' lang='lat' dir='ltr'><strong>Oxf.</strong></span> <span class='ocrx_word' id='word_1_300' title='bbox 1117 3868 1151 3916; x_wconf 88' lang='lat'><strong>÷‚</strong></span> <span class='ocrx_word' id='word_1_301' title='bbox 1164 3865 1200 3906; x_wconf 82' lang='lat' dir='ltr'><strong>est</strong></span> <span class='ocrx_word' id='word_1_302' title='bbox 1215 3857 1239 3906; x_wconf 82' lang='lat' dir='ltr'><strong>G</strong></span> <span class='ocrx_word' id='word_1_303' title='bbox 1249 3857 1312 3906; x_wconf 88' lang='lat' dir='ltr'><strong>Red.</strong></span> <span class='ocrx_word' id='word_1_304' title='bbox 1325 3857 1359 3907; x_wconf 91' lang='lat' dir='ltr'><strong>U.</strong></span> 
     </span>
     <span class='ocr_line' id='line_1_34' title="bbox 201 3935 1359 4004; baseline 0.003 -19"><span class='ocrx_word' id='word_1_305' title='bbox 201 3935 216 3984; x_wconf 92' lang='grc'><strong>6</strong></span> <span class='ocrx_word' id='word_1_306' title='bbox 233 3937 462 4000; x_wconf 80' lang='lat' dir='ltr'><strong>modam[AEV÷]</strong></span> <span class='ocrx_word' id='word_1_307' title='bbox 471 3937 529 3986; x_wconf 73' lang='lat' dir='ltr'><strong>Oxi.</strong></span> <span class='ocrx_word' id='word_1_308' title='bbox 538 3938 607 3999; x_wconf 68' lang='lat' dir='ltr'><strong>Asc„</strong></span> <span class='ocrx_word' id='word_1_309' title='bbox 617 3940 734 3987; x_wconf 77' lang='lat' dir='ltr'><strong>muudum</strong></span> <span class='ocrx_word' id='word_1_310' title='bbox 744 3937 819 3987; x_wconf 83' lang='lat' dir='ltr'><strong>B1cs</strong></span> <span class='ocrx_word' id='word_1_311' title='bbox 828 3939 870 4000; x_wconf 82' lang='lat' dir='ltr'><strong>(cf.</strong></span> <span class='ocrx_word' id='word_1_312' title='bbox 882 3937 950 4004; x_wconf 81' lang='lat'><strong>133).</strong></span> <span class='ocrx_word' id='word_1_313' title='bbox 1019 3941 1034 3988; x_wconf 88' lang='grc'><strong>6</strong></span> <span class='ocrx_word' id='word_1_314' title='bbox 1050 3941 1120 3988; x_wconf 79' lang='lat' dir='ltr'><strong>oecis</strong></span> <span class='ocrx_word' id='word_1_315' title='bbox 1130 3945 1155 3988; x_wconf 83' lang='lat' dir='ltr'><strong>ct</strong></span> <span class='ocrx_word' id='word_1_316' title='bbox 1167 3938 1224 3989; x_wconf 83' lang='lat' dir='ltr'><strong>Oxf.</strong></span> <span class='ocrx_word' id='word_1_317' title='bbox 1238 3937 1359 3998; x_wconf 75' lang='lat' dir='ltr'><strong>MOB¹V¹,</strong></span> 
     </span>
     <span class='ocr_line' id='line_1_35' title="bbox 199 4017 1357 4082; baseline 0.003 -16"><span class='ocrx_word' id='word_1_318' title='bbox 199 4019 308 4067; x_wconf 65' lang='lat' dir='ltr'><strong>vcamoet</strong></span> <span class='ocrx_word' id='word_1_319' title='bbox 319 4017 379 4076; x_wconf 70' lang='lat'><strong>1313,</strong></span> <span class='ocrx_word' id='word_1_320' title='bbox 391 4021 461 4067; x_wconf 79' lang='lat' dir='ltr'><strong>venio</strong></span> <span class='ocrx_word' id='word_1_321' title='bbox 472 4019 602 4077; x_wconf 80' lang='lat' dir='ltr'><strong>redAOE‚</strong></span> <span class='ocrx_word' id='word_1_322' title='bbox 613 4021 683 4069; x_wconf 81' lang='lat' dir='ltr'><strong>vento</strong></span> <span class='ocrx_word' id='word_1_323' title='bbox 698 4035 743 4069; x_wconf 81' lang='lat' dir='ltr'><strong>nec</strong></span> <span class='ocrx_word' id='word_1_324' title='bbox 754 4019 794 4070; x_wconf 73' lang='lat' dir='ltr'><strong>Vl.</strong></span> <span class='ocrx_word' id='word_1_325' title='bbox 896 4021 912 4070; x_wconf 89' lang='grc'><strong>9</strong></span> <span class='ocrx_word' id='word_1_326' title='bbox 929 4021 962 4069; x_wconf 77' lang='lat' dir='ltr'><strong>iio</strong></span> <span class='ocrx_word' id='word_1_327' title='bbox 980 4019 1048 4078; x_wconf 78' lang='lat' dir='ltr'><strong>edu,</strong></span> <span class='ocrx_word' id='word_1_328' title='bbox 1065 4021 1115 4070; x_wconf 76' lang='lat' dir='ltr'><strong>hiis</strong></span> <span class='ocrx_word' id='word_1_329' title='bbox 1132 4020 1163 4081; x_wconf 95' lang='lat' dir='ltr'><strong>B,</strong></span> <span class='ocrx_word' id='word_1_330' title='bbox 1179 4022 1217 4069; x_wconf 81' lang='lat' dir='ltr'><strong>hio</strong></span> <span class='ocrx_word' id='word_1_331' title='bbox 1230 4020 1357 4082; x_wconf 59' lang='lat' dir='ltr'><strong>devm,</strong></span> 
     </span>
     <span class='ocr_line' id='line_1_36' title="bbox 201 4099 1358 4167; baseline 0.002 -17"><span class='ocrx_word' id='word_1_332' title='bbox 201 4100 247 4165; x_wconf 74' lang='lat' dir='ltr'><strong>hys</strong></span> <span class='ocrx_word' id='word_1_333' title='bbox 258 4099 290 4151; x_wconf 80' lang='lat' dir='ltr'><strong>E.</strong></span> <span class='ocrx_word' id='word_1_334' title='bbox 376 4101 407 4149; x_wconf 94' lang='lat'><strong>10</strong></span> <span class='ocrx_word' id='word_1_335' title='bbox 424 4102 457 4149; x_wconf 73' lang='lat' dir='ltr'><strong>iio</strong></span> <span class='ocrx_word' id='word_1_336' title='bbox 468 4106 494 4151; x_wconf 77' lang='grc' dir='ltr'><strong>Μ</strong></span> <span class='ocrx_word' id='word_1_337' title='bbox 505 4101 573 4160; x_wconf 81' lang='lat' dir='ltr'><strong>edd,</strong></span> <span class='ocrx_word' id='word_1_338' title='bbox 585 4104 608 4151; x_wconf 77' lang='lat' dir='ltr'><strong>to</strong></span> <span class='ocrx_word' id='word_1_339' title='bbox 619 4101 649 4163; x_wconf 78' lang='lat' dir='ltr'><strong>A,</strong></span> <span class='ocrx_word' id='word_1_340' title='bbox 665 4104 714 4151; x_wconf 81' lang='lat' dir='ltr'><strong>hiis</strong></span> <span class='ocrx_word' id='word_1_341' title='bbox 726 4103 757 4160; x_wconf 90' lang='lat' dir='ltr'><strong>B,</strong></span> <span class='ocrx_word' id='word_1_342' title='bbox 771 4104 809 4151; x_wconf 79' lang='lat' dir='ltr'><strong>hio</strong></span> <span class='ocrx_word' id='word_1_343' title='bbox 822 4102 896 4163; x_wconf 76' lang='grc' dir='ltr'>(ΝΒ,</span> <span class='ocrx_word' id='word_1_344' title='bbox 911 4105 955 4167; x_wconf 75' lang='lat' dir='ltr'><strong>hys</strong></span> <span class='ocrx_word' id='word_1_345' title='bbox 967 4102 999 4150; x_wconf 83' lang='grc' dir='ltr'><strong>Ε.</strong></span> <span class='ocrx_word' id='word_1_346' title='bbox 1085 4104 1117 4150; x_wconf 78' lang='lat'><strong>22</strong></span> <span class='ocrx_word' id='word_1_347' title='bbox 1134 4111 1222 4152; x_wconf 79' lang='lat' dir='ltr'><strong>aarum</strong></span> <span class='ocrx_word' id='word_1_348' title='bbox 1234 4117 1290 4163; x_wconf 86' lang='lat' dir='ltr'><strong>uss,</strong></span> <span class='ocrx_word' id='word_1_349' title='bbox 1305 4117 1358 4153; x_wconf 84' lang='lat' dir='ltr'><strong>exo.</strong></span> 
     </span>
     <span class='ocr_line' id='line_1_37' title="bbox 201 4182 1359 4249; baseline 0.003 -18"><span class='ocrx_word' id='word_1_350' title='bbox 201 4183 320 4232; x_wconf 79' lang='lat' dir='ltr'><strong>donatum</strong></span> <span class='ocrx_word' id='word_1_351' title='bbox 331 4182 366 4231; x_wconf 71' lang='lat' dir='ltr'><strong>G’</strong></span> <span class='ocrx_word' id='word_1_352' title='bbox 377 4182 472 4234; x_wconf 89' lang='lat' dir='ltr'><strong>Heind.</strong></span> <span class='ocrx_word' id='word_1_353' title='bbox 541 4186 572 4236; x_wconf 80' lang='lat'><strong>27</strong></span> <span class='ocrx_word' id='word_1_354' title='bbox 584 4187 641 4248; x_wconf 81' lang='lat' dir='ltr'><strong>ipra</strong></span> <span class='ocrx_word' id='word_1_355' title='bbox 651 4185 673 4233; x_wconf 94' lang='lat' dir='ltr'>B</span> <span class='ocrx_word' id='word_1_356' title='bbox 685 4185 726 4236; x_wconf 85' lang='lat' dir='ltr'><strong>El.</strong></span> <span class='ocrx_word' id='word_1_357' title='bbox 736 4196 770 4243; x_wconf 85' lang='lat'><strong>÷‚</strong></span> <span class='ocrx_word' id='word_1_358' title='bbox 780 4187 882 4248; x_wconf 72' lang='lat' dir='ltr'><strong>ipsanio</strong></span> <span class='ocrx_word' id='word_1_359' title='bbox 893 4185 995 4235; x_wconf 67' lang='lat' dir='ltr'><strong>nonu</strong></span> <span class='ocrx_word' id='word_1_360' title='bbox 1007 4185 1085 4243; x_wconf 82' lang='lat' dir='ltr'><strong>Mus,</strong></span> <span class='ocrx_word' id='word_1_361' title='bbox 1095 4187 1152 4249; x_wconf 77' lang='lat' dir='ltr'><strong>ipsu</strong></span> <span class='ocrx_word' id='word_1_362' title='bbox 1162 4188 1189 4235; x_wconf 82' lang='lat' dir='ltr'><strong>oi</strong></span> <span class='ocrx_word' id='word_1_363' title='bbox 1201 4185 1241 4246; x_wconf 73' lang='lat' dir='ltr'><strong>Vl,</strong></span> <span class='ocrx_word' id='word_1_364' title='bbox 1252 4187 1310 4248; x_wconf 81' lang='lat' dir='ltr'><strong>ipsu</strong></span> <span class='ocrx_word' id='word_1_365' title='bbox 1320 4200 1359 4234; x_wconf 79' lang='lat' dir='ltr'><strong>reo</strong></span> 
     </span>
     <span class='ocr_line' id='line_1_38' title="bbox 201 4263 1359 4330; baseline 0.002 -16"><span class='ocrx_word' id='word_1_366' title='bbox 201 4263 266 4315; x_wconf 85' lang='lat' dir='ltr'><strong>Dav.</strong></span> <span class='ocrx_word' id='word_1_367' title='bbox 366 4265 399 4314; x_wconf 79' lang='lat'><strong>29</strong></span> <span class='ocrx_word' id='word_1_368' title='bbox 416 4266 446 4314; x_wconf 84' lang='grc' dir='ltr'><strong>Α.</strong></span> <span class='ocrx_word' id='word_1_369' title='bbox 460 4265 541 4314; x_wconf 79' lang='lat' dir='ltr'><strong>Atilio</strong></span> <span class='ocrx_word' id='word_1_370' title='bbox 560 4265 619 4315; x_wconf 78' lang='lat' dir='ltr'><strong>Soh.</strong></span> <span class='ocrx_word' id='word_1_371' title='bbox 634 4266 687 4316; x_wconf 88' lang='lat' dir='ltr'><strong>Mu.</strong></span> <span class='ocrx_word' id='word_1_372' title='bbox 699 4267 766 4317; x_wconf 83' lang='lat' dir='ltr'><strong>after</strong></span> <span class='ocrx_word' id='word_1_373' title='bbox 782 4266 930 4317; x_wconf 82' lang='lat' dir='ltr'><strong>Fleckeisen</strong></span> <span class='ocrx_word' id='word_1_374' title='bbox 947 4269 1016 4321; x_wconf 77' lang='lat' dir='ltr'><strong>Krtt.</strong></span> <span class='ocrx_word' id='word_1_375' title='bbox 1029 4269 1101 4317; x_wconf 68' lang='lat' dir='ltr'><strong>Miro.</strong></span> <span class='ocrx_word' id='word_1_376' title='bbox 1116 4281 1141 4330; x_wconf 88' lang='lat' dir='ltr'><strong>p.</strong></span> <span class='ocrx_word' id='word_1_377' title='bbox 1157 4268 1197 4328; x_wconf 85' lang='grc'><strong>56,</strong></span> <span class='ocrx_word' id='word_1_378' title='bbox 1210 4268 1291 4316; x_wconf 78' lang='lat' dir='ltr'><strong>Atilio</strong></span> <span class='ocrx_word' id='word_1_379' title='bbox 1308 4280 1359 4316; x_wconf 85' lang='lat' dir='ltr'><strong>uss</strong></span> 
     </span>
     <span class='ocr_line' id='line_1_39' title="bbox 202 4344 1359 4408; baseline 0.003 -13"><span class='ocrx_word' id='word_1_380' title='bbox 202 4344 246 4396; x_wconf 91' lang='lat' dir='ltr'><strong>Or.</strong></span> <span class='ocrx_word' id='word_1_381' title='bbox 258 4345 306 4394; x_wconf 81' lang='lat' dir='ltr'><strong>Ba.</strong></span> <span class='ocrx_word' id='word_1_382' title='bbox 384 4345 468 4405; x_wconf 76' lang='lat' dir='ltr'><strong>Fides,</strong></span> <span class='ocrx_word' id='word_1_383' title='bbox 483 4347 543 4408; x_wconf 76' lang='lat' dir='ltr'><strong>Spes</strong></span> <span class='ocrx_word' id='word_1_384' title='bbox 555 4345 647 4395; x_wconf 81' lang='lat' dir='ltr'><strong>Lamb.</strong></span> <span class='ocrx_word' id='word_1_385' title='bbox 659 4347 756 4398; x_wconf 89' lang='lat' dir='ltr'><strong>Heind.</strong></span> <span class='ocrx_word' id='word_1_386' title='bbox 836 4350 1006 4398; x_wconf 73' lang='lat' dir='ltr'><strong>uider—otrico</strong></span> <span class='ocrx_word' id='word_1_387' title='bbox 1018 4346 1052 4396; x_wconf 79' lang='lat' dir='ltr'><strong>V²</strong></span> <span class='ocrx_word' id='word_1_388' title='bbox 1063 4348 1120 4398; x_wconf 83' lang='lat' dir='ltr'><strong>Oxf.</strong></span> <span class='ocrx_word' id='word_1_389' title='bbox 1133 4353 1186 4406; x_wconf 76' lang='grc'><strong>160,</strong></span> <span class='ocrx_word' id='word_1_390' title='bbox 1198 4349 1359 4398; x_wconf 74' lang='lat' dir='ltr'><strong>videa-etde</strong></span> 
     </span>
     <span class='ocr_line' id='line_1_40' title="bbox 202 4424 1359 4490; baseline 0.003 -14"><span class='ocrx_word' id='word_1_391' title='bbox 202 4424 312 4483; x_wconf 70' lang='lat' dir='ltr'><strong>ABWH,</strong></span> <span class='ocrx_word' id='word_1_392' title='bbox 320 4425 467 4474; x_wconf 80' lang='lat' dir='ltr'><strong>vide-uide</strong></span> <span class='ocrx_word' id='word_1_393' title='bbox 479 4425 551 4476; x_wconf 81' lang='lat' dir='ltr'><strong>OEB.</strong></span> <span class='ocrx_word' id='word_1_394' title='bbox 601 4427 634 4476; x_wconf 84' lang='grc'><strong>60</strong></span> <span class='ocrx_word' id='word_1_395' title='bbox 643 4431 729 4479; x_wconf 77' lang='lat' dir='ltr'><strong>maltis</strong></span> <span class='ocrx_word' id='word_1_396' title='bbox 741 4442 790 4478; x_wconf 79' lang='lat' dir='ltr'><strong>uss</strong></span> <span class='ocrx_word' id='word_1_397' title='bbox 801 4428 868 4488; x_wconf 78' lang='lat' dir='ltr'><strong>edd,</strong></span> <span class='ocrx_word' id='word_1_398' title='bbox 880 4431 948 4480; x_wconf 72' lang='lat' dir='ltr'><strong>troad</strong></span> <span class='ocrx_word' id='word_1_399' title='bbox 958 4431 1044 4490; x_wconf 77' lang='lat' dir='ltr'><strong>multis</strong></span> <span class='ocrx_word' id='word_1_400' title='bbox 1055 4428 1149 4488; x_wconf 71' lang='lat' dir='ltr'><strong>Boou,</strong></span> <span class='ocrx_word' id='word_1_401' title='bbox 1156 4431 1285 4480; x_wconf 71' lang='lat' dir='ltr'><strong>macuto</strong></span> <span class='ocrx_word' id='word_1_402' title='bbox 1293 4429 1359 4480; x_wconf 85' lang='lat' dir='ltr'><strong>Dav.</strong></span> 
     </span>
    </p>
   </div>
   <div class='ocr_carea' id='block_1_6' title="bbox 0 0 1512 4966">
    <p class='ocr_par' dir='ltr' id='par_1_9' title="bbox 0 0 1512 4966">
     <span class='ocr_line' id='line_1_41' title="bbox 0 0 1512 4966; baseline 0 0"><span class='ocrx_word' id='word_1_403' title='bbox 0 0 1512 4966; x_wconf 95' lang='lat' dir='ltr'><strong> </strong></span> 
     </span>
    </p>
   </div>
  </div>
 </body>
</html>
