3016 4966
197 424 239 487 60
582 433 630 481 nr
653 430 794 480 uarum
815 429 970 478 nnoauu.

196 586 342 672 intellegi
365 607 424 651 nec
443 584 577 669 figuram
595 582 760 667 situmque
775 579 994 643 membrorum
1008 599 1069 642 nec
1083 575 1207 661 ingenii
1221 573 1354 638 mentis-

196 711 260 777 que
275 689 342 753 vim
357 688 457 753 talem
472 686 555 751 effici
569 684 712 770 potuisse
727 683 866 746 fortuna.

129 792 186 852 154
262 793 385 869 Restat,
410 799 448 854 ut
470 790 610 864 doceam,
633 795 732 871 atque
754 784 929 870 aliquando
952 804 1107 869 perorem,
1131 779 1248 857 omnia,
1271 802 1354 864 quae

198 897 265 962 sint
293 896 328 959 in
354 895 415 958 hoc
437 891 566 968 mund0,
592 890 710 976 quibus
729 897 869 953 utantur
890 888 1046 964 homines,
1069 886 1238 950 hominum
1261 905 1356 948 causa

199 1001 285 1064 faeta
308 1019 377 1063 esse
400 1005 434 1061 et
454 1003 575 1081 parata.
628 993 733 1057 LXII.
781 992 943 1077 Principio
967 991 1035 1075 ipse
1057 988 1198 1053 mundus
1221 988 1356 1052 deorum
1391 1003 1406 1065 5

200 1101 433 1186 hominumque
449 1121 544 1163 causa
559 1098 663 1162 factus
678 1103 736 1173 est,
752 1117 900 1181 quaeque
916 1094 951 1157 in
971 1116 1010 1158 eo
1028 1099 1114 1168 sunt,
1132 1113 1168 1154 ea
1186 1097 1300 1175 parata
1314 1088 1356 1153 ad
1391 1165 1395 1174 .

199 1206 340 1270 fructum
364 1204 533 1268 homiuum
560 1210 593 1266 et
615 1202 749 1265 inventa
773 1208 858 1265 sunt.
902 1199 961 1263 Est
976 1197 1075 1263 ‘enim
1099 1196 1241 1260 mundus
1264 1194 1357 1281 quasi

199 1308 380 1374 communis
395 1307 527 1372 deorum
542 1314 641 1391 atque
657 1305 826 1369 hominum
840 1303 954 1368 domus
970 1309 1027 1367 aut
1042 1302 1119 1367 urbs
1134 1309 1354 1385 utrorumque.

200 1413 269 1479 Soli
299 1413 387 1478 enim
417 1397 541 1476 ratione
571 1418 701 1474 utentes
727 1409 802 1494 jure
833 1430 868 1472 ac
897 1408 969 1492 lege
998 1408 1122 1471 vivunt.
1177 1405 1227 1470 Ut
1256 1405 1358 1490 igitur

200 1519 347 1584 Athenas
362 1527 396 1583 et
410 1517 686 1582 Lacedaemonem
700 1513 952 1578 Atheniensium
965 1510 1357 1595 Lacedaemoniorumque
1373 1526 1411 1568 10

199 1646 295 1687 causa
315 1622 498 1708 putandum
521 1628 570 1684 est
593 1618 738 1684 conditas
762 1640 838 1697 esse,
859 1618 1041 1702 omniaque,
1056 1639 1139 1702 quae
1161 1616 1228 1680 sint
1247 1615 1282 1679 in
1305 1615 1357 1680 his

200 1726 344 1801 urbibus,
360 1746 470 1789 eorum
486 1723 680 1808 populorum
696 1732 782 1787 recte
797 1744 866 1787 esse
887 1722 1047 1799 dicuntur,
1062 1721 1117 1799 sie,
1134 1742 1357 1806 quaecumque

201 1835 278 1892 sunt
304 1828 337 1890 in
365 1828 453 1892 omni
475 1826 606 1904 mundo,
628 1826 762 1890 deorum
789 1834 888 1911 atque
911 1825 1080 1890 hominum
1102 1824 1250 1910 putanda
1271 1831 1355 1888 sunt.

135 1940 190 1999 155
201 1933 278 1997 Jam
304 1953 379 1996 vero
406 1931 592 1996 circumitus
621 1931 696 1996 solis
726 1939 761 1995 et
790 1932 887 1996 lunae
916 1930 1179 2016 reliquorumque
1209 1930 1359 2007 siderum,

202 2056 401 2121 quamquam
422 2034 520 2098 etiam
542 2034 583 2099 ad
606 2034 722 2098 mundi
744 2034 984 2099 cohaerentiam
1005 2035 1182 2119 pertinent,
1198 2043 1310 2098 tamen
1326 2040 1360 2097 et
1376 2046 1410 2108 15

202 2140 420 2225 spectaculum
447 2139 632 2204 hominibus
654 2139 830 2224 praebent3
854 2140 947 2203 nulla
966 2147 1016 2203 est
1038 2139 1126 2203 enim
1147 2138 1360 2204 insatiabilior

202 2242 331 2327 species,
362 2242 452 2306 nulla
481 2242 643 2327 pulchrior
672 2251 706 2307 et
737 2243 777 2307 ad
808 2243 965 2307 rationem
998 2241 1239 2327 sollertiamque
1268 2263 1360 2326 prae-

203 2346 356 2425 stantior3
387 2369 495 2410 eorum
521 2346 609 2410 enim
632 2368 742 2410 cursus
765 2346 914 2410 dimetati
946 2346 1151 2410 maturitates
1175 2353 1360 2430 temporum

204 2459 238 2516 et
266 2452 439 2515 varietates
470 2452 732 2536 mutationesque
755 2451 963 2536 cognovimus
975 2476 983 2531 ;
1016 2472 1100 2536 quae
1124 2450 1152 2514 si
1174 2449 1360 2515 hominibus

204 2555 279 2618 solis
308 2563 386 2619 nota
415 2562 502 2630 sunt,
527 2555 696 2618 hominum
725 2554 811 2617 faeta
840 2575 909 2618 esse
938 2575 1034 2616 causa
1058 2551 1273 2637 judicandum
1303 2558 1359 2616 est.
1376 2577 1414 2616 20

137 2662 192 2722 156
205 2655 305 2720 Terra
334 2679 410 2722 vero
440 2658 507 2721 leta
535 2657 681 2742 frugibus
711 2665 745 2720 et
771 2656 858 2720 vario
889 2656 1091 2740 leguminum
1121 2677 1248 2740 genere,
1278 2675 1360 2739 quae

204 2781 278 2823 cum
313 2760 456 2824 maxima
489 2760 640 2844 largitate
674 2759 791 2836 fundit,
823 2781 862 2824 ea
897 2760 1080 2824 ferarumne
1115 2782 1158 2823 an
1191 2759 1361 2832 hominum

205 2885 301 2928 causa
323 2864 455 2948 gignere
477 2863 628 2928 videtur?
673 2864 760 2945 Quid
790 2864 830 2928 de
860 2864 983 2929 vitibus
1013 2862 1204 2948 olivetisque
1234 2862 1361 2926 dicaml
1418 2877 1421 2883 '

205 2988 343 3052 quarum
357 2966 512 3030 uberrimi
531 2967 765 3053 laetissimique
785 2968 908 3032 fruetus
925 2968 1008 3032 nihil
1028 2969 1160 3033 omnino
1181 2970 1223 3034 ad
1242 2968 1362 3033 bestias

204 3072 378 3159 pertinent.
425 3069 542 3156 Neque
563 3071 652 3134 enim
670 3071 797 3136 serendi
816 3092 923 3156 neque
943 3072 1069 3136 colendi
1089 3094 1149 3136 nec
1170 3073 1362 3157 tempestive
1378 3087 1414 3148 25

205 3175 392 3242 demetendi
405 3174 666 3260 percipiendique
681 3175 804 3275 fructqs
824 3197 931 3260 neque
952 3175 1110 3240 condendi
1128 3199 1165 3255 ac
1185 3177 1363 3261 reponendi

206 3279 273 3344 ulla
287 3278 450 3364 pecudum
470 3277 607 3342 scientia
627 3286 685 3356 est,
701 3299 877 3363 earumque
898 3277 1044 3341 omnium
1064 3300 1172 3342 rerum
1193 3278 1363 3342 hominum

139 3392 194 3453 157
206 3391 257 3447 est
278 3391 313 3448 et
333 3404 411 3447 usus
433 3389 467 3446 et
489 3400 590 3481 ouraas
617 3380 740 3445 LXIII.
778 3381 828 3446 Ut
848 3381 927 3445 fides
951 3380 1052 3466 igitur
1075 3389 1110 3445 et
1134 3381 1230 3446 tibias
1253 3403 1363 3446 eorum

206 3507 302 3550 eausa
327 3486 427 3549 factas
453 3483 625 3548 dicendum
648 3493 705 3560 est,
730 3484 787 3569 qui
812 3485 875 3549 illis
898 3483 949 3548 uti
974 3492 1113 3569 possent,
1136 3484 1181 3548 sic
1211 3506 1364 3570 eaquae

206 3589 283 3668 dixi,
309 3589 348 3653 iis
374 3588 449 3653 solis
471 3587 691 3652 confitendum
714 3596 764 3652 est
794 3609 861 3652 esse
890 3596 1013 3673 parata,
1036 3588 1094 3673 qui
1123 3596 1271 3664 utuntur,
1296 3609 1363 3664 nec,
1378 3613 1417 3670 30

257 3830 272 3879 6
288 3832 536 3893 quaeque—iaveata
562 3838 621 3881 suat
647 3829 676 3879 in
703 3829 821 3880 brackets
849 3829 946 3881 Heind.
970 3830 1012 3881 Or.
1037 3831 1083 3882 Ba
1111 3829 1171 3880 Sch.
1194 3845 1237 3880 see
1264 3831 1363 3880 Oomm.

208 3912 240 3960 20
257 3913 381 3960 luminum
394 3915 470 3974 fecta
487 3927 538 3962 esse
549 3927 627 3962 causa
639 3910 727 3974 [xpo
739 3910 809 3970 om,
823 3914 845 3962 b.
860 3927 880 3962 c.
890 3914 914 3975 f.
927 3927 948 3961 e.
961 3910 1028 3961 Ura
1039 3911 1102 3961 Red.
1115 3911 1211 3961 Heind.
1225 3912 1293 3973 Sch„
1306 3915 1330 3962 lc.
1342 3928 1363 3962 e.

201 3993 227 4055 s.
239 4008 260 4041 c.
273 3995 323 4052 RV,
338 3993 362 4040 b.
374 4007 395 4041 c.
408 4008 428 4041 e.
440 3994 464 4055 s.
480 3998 505 4043 0.
604 3994 635 4041 22
653 3993 720 4042 after
736 4007 790 4041 cum
806 3994 917 4042 mxima
934 3992 1020 4040 ronow
1030 3993 1059 4040 in
1070 3992 1139 4041 AOV
1150 3993 1209 4042 Oxf.
1221 3996 1250 4055 55
1268 3994 1364 4044 la-so

207 4074 297 4122 etenim
307 4074 330 4119 si
342 4073 465 4134 cti-quae
480 4075 584 4136 efferant
600 4075 710 4137 aliquid,
724 4072 753 4121 in
767 4073 812 4122 BE
825 4073 960 4134 5515—86
979 4080 1030 4121 tam
1044 4076 1322 4137 multarum—alequid,
1336 4074 1365 4124 in

207 4155 227 4204 P
238 4157 265 4216 55
278 4155 373 4204 16-68
384 4156 619 4229 etenim—Dianam
636 4164 727 4215 autem,
740 4171 780 4205 see
792 4170 826 4205 on
838 4159 851 4216 5
864 4156 903 4204 16.
938 4154 1020 4204 There
1030 4154 1054 4204 is
1065 4170 1081 4205 a
1092 4170 1141 4219 gap
1152 4157 1181 4205 in
1192 4157 1213 4205 P
1224 4157 1292 4207 from
1310 4156 1364 4206 this

206 4237 281 4301 point
291 4241 319 4286 to
330 4240 343 4298 5
356 4237 410 4286 162.
509 4240 540 4290 29
554 4248 655 4302 possent
666 4238 884 4303 [ABOEPV1]BH,
892 4245 996 4300 possunt
1007 4238 1041 4287 V²
1052 4238 1108 4290 Oxf.
1121 4238 1167 4291 Uv
1175 4239 1270 4290 Heind.
1280 4240 1364 4299 Allen,

205 4320 304 4383 possint
321 4318 354 4376 G,
368 4325 504 4380 potierant
519 4320 592 4371 LOT.
691 4322 723 4370 30
740 4322 795 4371 diri
812 4323 846 4370 ita
864 4319 1002 4382 OV²GB÷,
1022 4322 1077 4371 diat
1094 4324 1116 4371 ia
1133 4320 1232 4383 BA1V1,
1252 4323 1308 4372 diat
1326 4323 1365 4372 leit

208 4402 296 4463 ΑἘΕ,
310 4403 417 4452 dicimur
430 4401 487 4452 Oxf.
502 4403 526 4452 U
538 4403 634 4453 Heind.
645 4403 728 4456 Allan.
