3016 4966
363 367 427 414 trs.
451 367 478 412 11
501 365 573 413 cnr.
598 349 1081 434 111111-11113385-89.
1258 355 1299 416 33

142 512 236 575 horas
256 520 334 588 arte,
350 533 414 576 non
435 533 519 587 casu,
536 509 694 574 mundum
715 518 834 588 autem,
849 511 905 597 qui
927 520 960 575 et
980 506 1038 576 has
1056 511 1142 596 ipsas
1165 522 1249 577 artes
1265 522 1299 576 et

142 637 254 678 earum
270 613 408 679 artifices
429 622 462 678 et
481 623 598 677 cuncta
617 613 856 698 complectatur,
877 615 1001 679 consilii
1023 624 1057 680 et
1074 616 1208 680 rationis
1230 638 1298 680 esse

139 723 308 804 expertem
337 723 476 803 putare?
529 718 650 798 Quodsi
679 719 714 783 in
745 720 912 805 Scythiam
942 731 1000 786 aut
1029 722 1064 786 in
1094 722 1298 788 Britanniam
1307 729 1350 788 88

139 825 310 910 sphaeram
336 823 453 908 aliquis
479 825 591 888 tulerit
616 823 710 906 hanc,
735 848 833 910 quam
863 849 968 911 nuper
992 828 1161 892 familiaris
1185 836 1298 893 noster

107 926 247 1012 5effecit
271 924 467 1002 Posidonius,
491 926 583 1011 cujus
610 926 755 1011 singulae
785 928 1005 993 conversiones
1035 929 1121 994 idem
1153 930 1297 995 efficiunt

139 1027 174 1090 in
189 1026 255 1091 sole
270 1035 304 1090 et
319 1027 353 1090 in
367 1027 446 1091 luna
461 1036 495 1091 et
510 1028 544 1090 in
564 1028 708 1113 quinque
728 1029 828 1093 stellis
848 1031 1038 1108 errantibus,
1054 1033 1139 1116 quod
1155 1033 1296 1097 efficitur

138 1134 173 1196 in
203 1134 291 1198 caelo
320 1134 455 1218 singulis
487 1135 601 1199 diebus
639 1142 672 1198 et
701 1135 857 1213 noctibus,
887 1137 960 1220 quis
988 1137 1024 1200 in
1052 1139 1110 1201 illa
1146 1139 1295 1202 barbaria

138 1237 276 1316 dubitet,
306 1238 384 1322 quin
411 1261 449 1302 ea
479 1239 614 1323 sphaera
638 1239 681 1303 sit
705 1239 847 1323 perfecta
875 1241 1021 1305 ratione?
1066 1242 1201 1307 XXXV.
1247 1244 1294 1306 Hi

137 1350 248 1406 autem
264 1342 415 1407 dubitant
435 1343 475 1406 de
495 1343 625 1420 mundo,
644 1365 685 1406 ex
703 1365 767 1428 quo
787 1352 820 1407 et
841 1344 990 1407 oriuntur
1013 1352 1046 1408 et
1069 1345 1154 1409 fiunt
1176 1346 1294 1422 omnia,

87 1472 123 1509 10
138 1466 255 1508 casune
281 1445 350 1529 ipse
376 1445 418 1508 sit
444 1445 578 1509 effectus
602 1453 660 1509 ant
685 1446 876 1511 necessitate
907 1446 1017 1531 aliqua
1041 1470 1083 1510 an
1108 1448 1234 1513 ratione
1257 1471 1294 1512 ac

138 1555 247 1612 mente
263 1548 380 1624 divina,
396 1557 430 1612 et
445 1549 673 1614 Archimedem
694 1549 893 1615 arbitrantur
913 1550 987 1634 plus
1006 1551 1144 1615 valuisse
1165 1551 1199 1614 in
1219 1552 1294 1615 imi-

137 1650 244 1714 tandis
267 1651 422 1734 sphaerae
451 1651 710 1716 conversionibus
737 1673 835 1736 quarn
865 1660 1016 1716 naturam
1047 1654 1081 1717 in
1108 1653 1293 1730 efficiendis,

136 1755 325 1840 praesertim
349 1777 422 1819 cum
450 1755 562 1820 multis
585 1756 731 1840 partibus
758 1757 824 1820 sint
850 1757 907 1820 illa
926 1757 1070 1840 perfecta
1087 1780 1187 1841 qnam
1213 1757 1293 1821 haec

135 1859 288 1923 simulata
302 1859 471 1925 sollertius.
515 1860 618 1943 Atqui
634 1860 688 1923 ille
703 1859 790 1944 apud
811 1859 948 1924 Accium
969 1869 1087 1944 pastor,
1102 1860 1160 1944 qni
1176 1883 1292 1925 navem
1307 1868 1345 1925 83

83 1986 119 2047 15
135 1983 315 2046 numquam
339 1971 415 2026 ante
440 1961 583 2041 vidisset,
607 1970 655 2030 ut,
669 1962 779 2046 procul
809 1962 957 2026 divinum
988 1971 1022 2026 et
1053 1985 1174 2027 novum
1202 1963 1292 2027 vehi-

135 2067 245 2130 culum
270 2067 532 2151 Argonautarum
559 2088 576 2130 e
602 2076 713 2131 monte
739 2068 914 2152 conspexit,
938 2068 1043 2152 primo
1069 2068 1233 2131 admirans
1258 2077 1292 2132 et

133 2169 324 2253 perterritus
338 2169 398 2233 hoc
413 2168 507 2233 modo
524 2169 666 2254 loquitur
678 2196 684 2234 :

644 2290 776 2340 -tanta
794 2287 897 2340 moles
916 2287 1046 2340 labitur

275 2372 484 2428 fremibunda
503 2391 540 2426 ex
559 2374 629 2427 alto
647 2374 779 2443 ingenti
799 2375 914 2448 sonitu
936 2377 969 2426 et
988 2374 1130 2442 spiritu.

275 2479 351 2532 prae
373 2479 406 2516 se
426 2461 531 2515 undas
550 2461 669 2528 volvit,
690 2462 839 2515 vertices
859 2463 891 2515 vi
913 2461 1077 2529 suscitat,

274 2549 345 2603 ruit
365 2549 534 2619 prolapsa,
554 2548 692 2618 pelagus
711 2549 893 2617 respergit,
916 2548 1031 2601 reflat.

274 2637 323 2690 ita
341 2635 417 2690 dum
436 2637 666 2706 interruptum
686 2635 805 2689 credas
824 2634 974 2689 nimbum
995 2634 1135 2700 volvier,

274 2724 349 2779 dum
369 2723 456 2794 quod
475 2723 619 2778 sublime
639 2725 750 2778 ventis
770 2723 944 2792 expulsum
965 2723 1038 2792 rapi

275 2830 390 2867 saxum
409 2817 468 2868 aut
487 2812 658 2884 procellis,
679 2813 731 2867 vel
750 2813 906 2882 globosos
926 2812 1084 2866 turbines

274 2900 436 2954 exsistere
456 2900 544 2953 ictos
563 2899 664 2953 undis
685 2899 981 2966 concursantibus,

273 2987 341 3040 nisi
360 3004 442 3056 quas
461 2989 642 3040 terrestres
660 2990 785 3056 pontus
806 2990 938 3056 strages
957 2987 1101 3054 conciet,

273 3073 331 3125 aut
349 3071 436 3125 forte
457 3071 576 3126 Triton
595 3071 729 3125 fuscina
748 3075 905 3126 evertens
926 3089 1048 3143 specus

272 3158 387 3212 subter
408 3157 540 3212 radices
559 3159 698 3228 penitus
717 3158 860 3213 undanti
880 3159 914 3211 in
935 3159 1024 3212 freto

272 3245 390 3298 molem
402 3261 440 3298 ex
452 3243 618 3314 profundo
630 3261 761 3321 saxeam
775 3243 815 3297 ad
828 3243 956 3297 caelum
968 3244 1067 3297 eruit.

76 3384 116 3440 30
130 3350 271 3416 Dubitat
285 3349 399 3435 primo,
414 3370 498 3433 quae
513 3348 556 3412 sit
571 3371 609 3412 ea
626 3356 751 3425 natura,
767 3370 866 3432 quam
888 3347 990 3413 cernit
1004 3348 1163 3432 ignotam3
1186 3348 1287 3413 idem-

129 3476 203 3540 que,
212 3452 389 3538 juvenibus
404 3451 480 3514 visis
496 3449 672 3535 auditoque
688 3450 817 3513 nautico
833 3458 940 3527 cantu,
956 3451 1017 3527 sic,
1033 3451 1081 3515 ait

180 3595 210 3643 14
227 3595 300 3655 atqui
317 3592 392 3655 [OE]‚
411 3598 485 3653 atque
502 3590 655 3640 ABsouuv
666 3589 724 3638 011.
823 3591 926 3637 Accium
938 3589 979 3638 Or.
995 3589 1041 3636 Ba.
1054 3589 1107 3636 Mu.
1121 3590 1173 3649 (see
1190 3588 1287 3638 Teuffel

128 3678 200 3725 Rom.
212 3676 267 3724 Lit.
276 3677 289 3734 ἓ
299 3673 365 3738 119),
378 3675 475 3721 Attium
486 3672 551 3721 Dav.
565 3670 635 3731 Son,
646 3672 748 3719 Actium
759 3684 815 3719 uss.
899 3670 930 3720 19
946 3669 991 3719 the
1003 3669 1043 3717 six
1053 3668 1119 3717 lines
1125 3670 1286 3732 fremibunda

128 3759 235 3820 -reflat
246 3757 297 3806 and
309 3757 527 3819 autferte—eruit
539 3769 583 3804 are
594 3753 675 3803 found
686 3753 715 3802 in
726 3753 843 3802 Priscian
854 3755 929 3801 Metr.
944 3755 1000 3802 Ter.
1015 3767 1036 3800 11
1055 3752 1093 3802 15.
1193 3755 1287 3814 spiritu

128 3841 209 3890 Prisc.
221 3839 288 3898 edd„
299 3843 406 3902 strepitu
417 3854 472 3889 uss.
558 3840 590 3887 20
606 3841 686 3888 undas
697 3840 777 3886 volvit
788 3836 867 3885 Prisc.
878 3836 929 3898 [B],
938 3837 1019 3884 andus
1031 3836 1121 3883 evolvit
1133 3835 1198 3884 AOE
1209 3836 1285 3895 Mus,

128 3923 311 3972 evolvituodas
329 3921 387 3970 Oxi.
486 3921 517 3968 21
533 3923 607 3983 reflat
624 3919 714 3979 Prisc,
730 3920 836 3981 profluit
847 3931 903 3965 mss.
1001 3917 1033 3964 22
1050 3917 1108 3965 dum
1124 3930 1179 3974 mss,
1191 3932 1250 3966 num
1261 3916 1285 3965 G

128 4003 234 4062 Herna,
246 4011 298 4053 tam
308 4003 392 4054 Bonh.
481 4004 512 4052 25
528 4006 590 4052 ictos
602 4018 657 4060 uss,
669 4009 737 4051 actos
749 4001 832 4052 Bouh.
915 4001 947 4048 28
963 4001 1071 4048 undanti
1082 4001 1111 4048 in
1117 4002 1185 4062 freto
1197 4000 1284 4057 Prisc,

127 4089 249 4138 eredentes
260 4090 364 4137 veniunt
369 4090 438 4152 freto
449 4086 551 4136 XBHLO
565 4086 609 4148 (by
620 4086 723 4146 dittogr.
735 4085 764 4133 or
772 4085 898 4144 undanti,
907 4084 1017 4132 aadcate
1029 4084 1112 4131 venire
1119 4083 1187 4145 freto
1198 4087 1285 4132 HGRV

128 4168 196 4226 Oxi,
213 4170 336 4217 audantes
352 4171 381 4217 in
393 4170 461 4231 freto
478 4168 506 4216 M
522 4168 551 4216 of
566 4169 658 4217 Moser.
760 4166 791 4215 29
808 4167 875 4213 eruit
891 4178 940 4212 uss
959 4162 1096 4224 generally,
1116 4165 1171 4211 erui
1188 4163 1246 4212 011.
1264 4164 1284 4209 Τ

127 4249 445 4312 micav‚erioit1achm.
458 4264 492 4298 on
499 4249 597 4298 Lucr.v
607 4250 670 4298 1388
682 4247 796 4295 Ribbeck
807 4245 862 4305 Ba,
872 4248 948 4303 eremit
960 4244 1048 4301 Prisc,
1058 4246 1147 4291 evomit
1159 4243 1240 4303 Toup.
1250 4240 1284 4290 ad

127 4330 236 4391 Longin.
251 4333 321 4381 Sabi.
334 4332 357 4388 3,
370 4333 453 4380 evehit
465 4330 551 4378 Klotz.
639 4331 669 4377 31
687 4331 732 4386 sic,
744 4330 791 4385 ait,
801 4329 876 4376 inciti
889 4334 963 4388 atque
975 4324 1033 4381 nd,
1045 4325 1110 4370 sicut
1121 4325 1196 4372 inciti
1207 4329 1282 4383 atque

215 4450 249 4499 n.
266 4451 293 4499 c.
324 4451 360 4499 rr.
1176 4425 1195 4485 3
