3016 4966
620 457 668 505 Du
689 455 832 506 NATURA
854 457 1010 508 DEORUM.

414 603 515 659 inciti
533 606 635 673 atque
655 603 783 658 alacres
801 603 923 658 rostris
942 603 1151 674 perfremunt

343 690 503 762 delphini.
564 677 567 683 ¹

239 798 336 863 Item
358 798 437 863 alia
458 796 598 862 multa:

871 897 1001 952 Silvani
1023 897 1108 952 melo

345 985 556 1041 consimilem
575 984 615 1039 ad
636 1001 734 1039 aures
753 986 888 1039 cantum
907 988 941 1039 et
959 984 1113 1039 auditum
1133 985 1250 1040 refert.
1438 999 1455 1061 5

187 1116 225 1176 90
239 1109 325 1192 Ergo
354 1115 392 1172 ut
421 1106 475 1171 hie
511 1106 616 1192 primo
653 1113 786 1190 aspectu
823 1105 1005 1169 inanimum
1042 1104 1198 1189 quiddam
1235 1126 1400 1190 sensuque
1443 1159 1447 1166 .

240 1231 377 1274 vacuum
400 1230 434 1273 se
457 1216 552 1293 putat
576 1228 713 1285 cernere,
729 1216 802 1292 post
824 1215 934 1271 autern
958 1207 1058 1293 siguis
1081 1208 1279 1286 certioribus,
1301 1208 1400 1292 quale

240 1312 283 1376 sit
312 1311 355 1388 id,
384 1311 424 1375 de
454 1333 518 1396 quo
548 1311 762 1388 dubitaverat,
792 1310 908 1395 incipit
944 1309 1107 1397 suspicari,
1141 1310 1187 1375 sic
1215 1310 1401 1396 philosophi

240 1413 432 1492 debuerunt,
453 1413 481 1478 si
503 1414 585 1477 forte
607 1434 661 1477 eos
683 1412 806 1497 primus
830 1420 979 1497 aspectus
1002 1411 1117 1475 mundi
1142 1413 1401 1491 conturbaverat,

238 1528 360 1607 postea,
374 1542 448 1584 cum
463 1518 619 1583 vidissent
634 1528 742 1581 motus
758 1517 828 1602 ejus
844 1516 952 1581 finitos
969 1525 1002 1581 et
1023 1516 1209 1602 aequabiles
1225 1515 1400 1602 omniaque
1419 1543 1457 1583 10

239 1624 319 1688 ratis
340 1622 507 1687 ordinibus
529 1621 697 1686 moderata
719 1620 982 1705 immutabilique
1004 1619 1194 1698 constantia,
1210 1619 1402 1705 intellegere

239 1729 344 1792 inesse
360 1727 502 1810 aliquem
517 1747 581 1789 non
600 1725 703 1788 solum
724 1723 940 1788 habitatorem
957 1725 991 1788 iu
1008 1724 1067 1788 hac
1087 1723 1217 1789 caelesti
1238 1746 1275 1788 ac
1290 1724 1404 1789 divina

240 1830 345 1906 domo,
359 1827 415 1892 sed
438 1827 538 1892 etiam
559 1835 716 1891 rectorem
739 1835 773 1890 ct
795 1825 1029 1891 moderatorem
1052 1834 1086 1890 et
1106 1834 1275 1911 tamquam
1295 1827 1404 1891 archi-

240 1943 364 1999 tectum
380 1933 464 1997 tanti
479 1932 584 2018 operis
599 1931 748 2015 tantique
770 1931 919 1993 muneris.
965 1929 1121 1995 XXXVI.
1167 1930 1266 1996 Nunc
1288 1939 1404 1996 autem

241 2035 324 2099 mihi
351 2034 503 2098 videntur
530 2055 572 2097 ne
599 2031 754 2116 suspicari
784 2031 925 2115 quidem,
952 2040 1076 2115 quanta
1097 2031 1141 2096 sit
1165 2032 1405 2099 admirabilitas
1422 2058 1457 2120 15

241 2136 429 2201 caelestium
443 2158 551 2200 rerum
567 2145 666 2219 atque
682 2135 890 2199 terrestrium.

190 2249 228 2307 91
307 2240 469 2324 Principio
485 2239 573 2304 enim
587 2247 674 2302 terra
693 2237 757 2302 sita
776 2237 811 2299 in
831 2236 939 2302 media
957 2247 1048 2320 parte
1070 2237 1185 2302 mundi
1208 2237 1405 2305 circumfusa

241 2343 386 2429 undique
401 2350 451 2407 est
465 2343 525 2407 hac
541 2341 675 2406 animali
695 2340 904 2425 spirabilique
920 2348 1044 2416 natura,
1060 2340 1112 2403 cui
1131 2362 1250 2405 nomen
1271 2348 1321 2405 est
1336 2347 1403 2419 aer,

242 2450 401 2515 Graecum
416 2446 497 2511 illud
513 2445 656 2531 quidem,
672 2445 728 2509 scd
744 2455 933 2530 perceptum
945 2444 1015 2530 jam
1030 2453 1141 2509 tamen
1157 2467 1219 2509 usu
1234 2467 1255 2509 a
1268 2446 1390 2511 nostris
1396 2471 1405 2528 3

241 2552 358 2616 tritum
388 2558 438 2615 est
467 2549 555 2614 enim
581 2570 640 2632 pro
670 2547 797 2610 Latino.
843 2546 941 2610 Hunc
971 2568 1080 2610 rursus
1106 2546 1316 2632 amplectitur
1341 2548 1405 2614 im·
1422 2581 1462 2621 20

242 2675 373 2718 mensus
395 2652 515 2727 aether,
538 2650 595 2734 qui
617 2656 744 2712 constat
769 2670 809 2711 ex
835 2647 1001 2711 altissimis
1026 2647 1165 2732 ignibus.
1210 2649 1407 2717 Mutuemur

242 2757 303 2820 hoc
326 2775 453 2838 quoque
478 2754 624 2827 verbum,
655 2749 845 2832 dicaturque
876 2759 945 2814 tam
974 2752 1122 2815 ‘aether'
1146 2751 1272 2832 Latine,
1303 2775 1408 2838 quam

243 2856 362 2920 dicitur
377 2861 440 2931 ae‘r,
456 2853 517 2917 etsi
532 2853 765 2934 interpretatur
779 2850 956 2917 Pacuvius:

245 2972 325 3038 Hoc,
349 2970 435 3040 quod
458 2985 613 3035 memoro,
633 2966 742 3020 nostri
763 2967 904 3038 caelum,
927 2970 1020 3024 Graii
1042 2970 1224 3041 perhibent
1247 2974 1406 3034 aethera.

245 3068 346 3148 Quasi
361 3089 437 3131 vcro
455 3088 520 3130 non
539 3065 656 3131 Graius
671 3064 731 3128 hoc
746 3064 839 3131 dicat.
883 3068 931 3132 At
946 3068 1062 3134 Latine
1077 3070 1230 3155 loquitur.
1277 3075 1314 3141 Si
1330 3079 1407 3163 qui·
1422 3105 1460 3167 25

244 3171 319 3235 dem
334 3191 392 3233 nos
414 3191 479 3232 non
499 3167 592 3252 quasi
613 3166 734 3231 Graece
755 3166 941 3251 loquentem
965 3171 1146 3238 audiamus.
1191 3175 1297 3241 Docet
1315 3178 1407 3247 idem

244 3274 308 3338 alio
323 3274 411 3337 loco:

353 3389 545 3461 Grajugena
561 3388 600 3443 de
621 3387 708 3442 istoc
728 3390 838 3459 aperit
856 3391 929 3462 ipsa
948 3394 1067 3448 oratic.

192 3492 311 3559 cased
342 3491 381 3554 ad
412 3491 534 3576 majora
563 3489 740 3557 redeamus.
785 3493 834 3556 Ex
864 3498 995 3562 aethere
1024 3498 1125 3583 igitur
1149 3500 1409 3577 innumerabiles

244 3595 395 3659 fiammae
425 3593 566 3657 siderum
594 3593 764 3671 exsistunt,
794 3617 929 3679 quorum
960 3607 1009 3663 est
1037 3600 1186 3688 princeps
1215 3605 1263 3669 sol
1293 3613 1410 3681 omnia
1423 3638 1463 3697 30

245 3775 294 3811 uss
309 3760 447 3823 generally,
459 3762 495 3810 sic
512 3766 557 3809 ant
573 3762 649 3809 inciti
665 3767 740 3823 atque
757 3760 871 3811 Ribbeck
886 3763 918 3812 fr.
936 3763 974 3814 ed.
988 3778 999 3812 1
1016 3765 1060 3814 Or.
1071 3765 1128 3828 Ba,
1142 3771 1207 3819 sicat
1224 3773 1409 3842 Mancinique

245 3842 319 3892 Bibb.
335 3841 374 3890 ed.
386 3856 417 3898 11,
428 3844 465 3890 sic
476 3844 580 3891 incitati
591 3849 665 3904 cique
679 3842 709 3902 G,
724 3844 760 3891 sic
771 3844 874 3892 incitati
890 3852 914 3893 et
929 3845 1024 3894 Heind.
1038 3845 1107 3905 sch..
1118 3852 1172 3900 sic:
1190 3859 1219 3901 nt
1234 3856 1311 3905 inciti
1327 3867 1408 3924 atque

245 3924 309 3974 Dav.
323 3922 406 3980 Allan,
417 3925 487 3972 simia
498 3926 573 3973 inciti
585 3931 661 3986 atque
672 3923 779 3974 Lachm.
795 3925 829 3973 ad
840 3925 914 3978 Lucr.
929 3941 951 3975 11
963 3929 1018 3988 266,
1032 3929 1287 3997 †aicmt—delphini†
1298 3939 1356 3992 Mu.

296 4003 310 4050 1
324 4003 489 4064 perfremunt,
500 4005 643 4067 persciscat
653 4002 760 4054 Lachm.
775 4003 791 4053 l.
807 4018 828 4052 c.
927 4008 942 4054 3
959 4009 1018 4055 item
1034 4011 1089 4058 clia
1106 4016 1186 4064 malta
1202 4031 1258 4078 uss,
1272 4022 1335 4070 item
1351 4027 1409 4077 alto

245 4083 338 4132 mahta
354 4079 427 4130 Ribb.
448 4080 464 4131 l
485 4095 517 4138 c..
533 4084 594 4131 item
610 4085 659 4131 illc
674 4084 749 4131 moles
765 4082 832 4145 conj.
850 4083 905 4132 Mu.
922 4085 1002 4146 praei.
1101 4092 1116 4140 5
1134 4098 1286 4148 consimilem
1300 4105 1405 4170 mov,

170 4188 175 4194 -
245 4163 371 4214 consistite
383 4161 474 4210 XBMR
485 4162 543 4211 oxf.
643 4165 674 4215 lv
687 4167 886 4226 principio-eat
903 4170 949 4215 air
964 4167 1063 4218 Probus
1080 4172 1113 4221 ad
1129 4177 1187 4226 Eoi.
1204 4194 1231 4228 vr
1247 4194 1274 4243 p.
1288 4183 1320 4232 18
1336 4186 1408 4242 Keil.

247 4247 278 4294 18
295 4244 402 4291 animan
417 4242 492 4290 Prot.
505 4243 573 4301 on..
585 4247 718 4294 animabili
735 4260 783 4294 nas
799 4247 937 4309 generally·
1035 4252 1067 4299 24
1084 4256 1113 4302 ld
1129 4262 1195 4318 quoa
1210 4266 1290 4312 'mm‘
1307 4259 1408 4323 catium

245 4329 380 4377 ‚immorant
390 4322 472 4370 Varro
483 4325 514 4373 L.
527 4327 557 4375 Ii.
572 4340 588 4373 v
599 4326 638 4378 1v.
739 4328 770 4374 28
789 4328 932 4388 Grajtvpcnc
949 4330 978 4376 de
995 4331 1056 4380 istoc
1072 4335 1127 4384 edd.
1140 4340 1208 4391 after
1218 4343 1312 4408 Bothe,
1329 4352 1406 4416 Graj.

246 4409 273 4458 a,
285 4407 334 4455 igin
345 4416 393 4451 arsa
404 4405 539 4466 generally,
555 4407 599 4454 Gr.
611 4409 636 4456 d.
648 4409 699 4457 ista
710 4408 742 4466 E,
756 4410 923 4471 Grojcpencm
934 4413 975 4460 ted
986 4427 1036 4462 esse
1048 4415 1161 4472 Grotius.
