3016 4966
197 421 261 484 158
576 431 669 480 soon
685 431 712 478 11
734 430 789 480 cn.
806 430 872 478 xx1
894 413 979 498 §56.

195 592 310 658 quartus
320 581 444 654 gradus).
490 578 661 649 Hippolytus
675 577 744 649 (Res.
759 575 843 631 Haer.
856 575 909 645 14)
922 593 987 646 says
999 574 1048 629 the
1060 591 1136 629 same
1149 573 1180 628 of
1196 572 1358 630 Heraclitus

196 672 252 727 and
264 669 446 741 Empedocles
458 669 539 725 πάντα
552 668 596 722 τὸν
614 666 669 720 καθ’
688 666 754 736 ἡμᾶς
771 665 851 720 τόπον
864 667 946 719 κακῶν
963 661 1061 734 μεστὸν
1078 658 1142 717 εἶναι
1160 663 1201 717 καὶ
1214 662 1294 733 μέχρι
1310 663 1359 733 μέν

197 761 308 829 σελήνης
316 758 349 812 τὰ
360 757 426 811 κακὰ
437 754 547 826 φθάνειν
559 753 587 807 ε’κ
601 756 647 806 τοῦ
656 753 716 820 περὶ
727 756 777 825 γῆν
785 752 866 807 τόπου
878 752 995 820 ταθέντα,
1008 750 1151 821 περαιτέρω
1164 751 1192 804 δὲ
1204 749 1239 818 μὴ
1253 753 1357 820 χωρεῖν,

196 845 241 902 ὅτε
260 847 439 914 καθαρωτέρου
451 845 497 896 τοῦ
509 839 574 909 ὑπὲρ
587 839 633 905 τὴν
649 838 761 907 σελήνην
778 838 874 895 παντὸς
890 837 962 894 ὄντος
981 837 1069 892 τόπου.
1107 835 1189 890 Plato
1200 853 1296 890 seoms
1307 835 1357 890 the

197 929 259 983 ideo.
274 928 339 982 thar
350 926 399 979 the
412 929 493 992 siais,
510 923 592 993 being
604 921 702 977 visible
719 923 775 977 and
789 923 934 992 possessed
947 922 977 976 of
992 920 1088 992 bodily
1104 921 1185 989 form,
1199 938 1252 975 ean
1267 920 1358 975 them-

197 1016 285 1071 selves
297 1014 331 1069 be
344 1012 449 1067 eterne]
461 1010 516 1065 and
529 1009 735 1079 unehangeable
746 1011 822 1082 (liep.
832 1025 876 1064 vn
889 1011 961 1079 530),
969 1008 1021 1064 but
1033 1009 1068 1063 he
1081 1027 1171 1064 seems
1182 1012 1213 1062 to
1224 1008 1317 1063 allude
1329 1012 1360 1063 io

197 1104 255 1157 this
276 1102 375 1170 theory
394 1100 424 1152 in
442 1097 545 1151 Τόσσοι.
563 1098 614 1152 176
627 1112 647 1149 Α
666 1097 818 1152 ὑπεναντίον
834 1097 886 1169 γάρ
904 1120 929 1151 τι
950 1101 986 1171 τῷ
1002 1096 1091 1171 ἀγαθῷ
1109 1097 1151 1151 ἀεὶ
1170 1092 1234 1152 εἶναι
1252 1095 1358 1167 ἀνάγκη·

198 1190 253 1247 οὔτ’
265 1191 292 1245 έν
306 1190 375 1244 θεοῖς
393 1187 460 1243 ου’τά
480 1186 609 1256 ἱδρύσθαι,
621 1184 668 1253 τὴν
680 1184 708 1238 δέ
721 1183 814 1254 θνητὴν
826 1184 909 1254 φύσιν
928 1185 969 1238 καὶ
986 1183 1061 1238 τόνδε
1072 1183 1119 1237 τὸν
1130 1181 1211 1239 τόπον
1221 1185 1361 1254 περιπολεῖ

198 1279 228 1347 ἐξ
252 1275 381 1346 ἀνάγκης,
407 1273 431 1326 it
452 1289 569 1343 appears
589 1271 621 1324 in
645 1287 721 1324 more
740 1268 853 1324 definite
869 1270 941 1323 form
959 1271 990 1324 in
1006 1268 1142 1323 Aristolle
1161 1267 1223 1322 Met.
1244 1282 1277 1321 1v
1295 1272 1311 1320 5
1331 1287 1358 1339 p.

200 1366 269 1416 1010
285 1379 309 1429 a,
327 1359 341 1414 ὁ
359 1360 410 1431 γὰρ
430 1361 490 1427 περὶ
508 1357 574 1428 ἡμᾶς
590 1361 637 1412 τοῦ
661 1357 787 1426 αἰσθητοῦ
807 1356 887 1414 τόπος
901 1358 928 1412 έν
946 1358 1036 1428 φθορᾷ
1059 1357 1100 1410 καὶ
1119 1355 1223 1424 γενέσει
1243 1356 1361 1410 διατελεῖ

198 1452 274 1519 μόνος
283 1448 326 1504 ῶν·
339 1447 401 1502 ἀλλ’
413 1444 488 1503 οὗτος
502 1444 586 1512 οὐθὲν,
600 1444 640 1500 ῶς.
648 1445 736 1504 εἰπεῖν,
751 1443 843 1513 μόριον
860 1447 907 1498 τοῦ
920 1441 1016 1500 παντός
1029 1443 1110 1506 ἔστιν,
1125 1439 1196 1495 Cael.
1210 1454 1222 1494 1
1237 1443 1292 1509 hp.
1306 1443 1359 1494 269

198 1542 257 1596 ἔστι
269 1562 294 1594 τι
305 1537 374 1607 παρὰ
386 1535 419 1592 τὰ
436 1536 545 1605 σώματα
560 1535 593 1589 τὰ
610 1535 687 1604 δεῦρο
705 1535 822 1604 καὶπερὶ
838 1532 905 1602 ἡμᾶς
921 1533 1010 1603 ἕτερον
1026 1528 1228 1602 κεχωρισμένον,
1240 1527 1360 1603 τοσούτῳ

198 1634 350 1701 τιμιωτέραν
359 1628 421 1696 ἕχον
432 1625 479 1694 τὴν
491 1624 583 1694 φύσιν,
597 1621 703 1698 ὅσῳπερ
716 1623 852 1693 ἀφέστηκε
864 1627 915 1677 τῶν
927 1622 1037 1677 ε’νταῦθα
1052 1623 1154 1688 πλεῖον,
1162 1617 1200 1675 ib.
1214 1622 1231 1672 3
1243 1617 1316 1689 ε’ίπερ
1328 1618 1360 1673 τὸ

199 1716 284 1788 κύκλῳ
297 1718 372 1784 σῶμα
385 1712 444 1781 (the
457 1710 547 1780 ether)
559 1710 618 1781 μήτ’
631 1706 742 1779 αὔξησιν
758 1711 828 1781 ἔχειν
845 1711 976 1781 ἐνδέχεται
988 1708 1053 1778 μήτε
1069 1707 1173 1778 φθίσιν,
1189 1705 1300 1778 εὔλογον
1318 1709 1361 1763 καὶ

199 1801 376 1857 ἀναλλοίωτον
389 1794 632 1866 εἶναι...συμβαίνει
642 1796 669 1850 δέ
681 1799 760 1850 τοῦτο
773 1798 814 1851 καὶ
824 1795 865 1850 διὰ
874 1801 919 1865 τῆς
931 1795 1079 1864 αἷσθησεως
1093 1797 1192 1862 ἱκανῶς,
1205 1791 1240 1851 ῶς
1250 1816 1283 1865 γε
1294 1793 1362 1863 πρός

199 1886 360 1954 ἀνθρωπίνην
372 1885 453 1938 εἰπεῖν
464 1883 561 1938 πίστιν·
578 1882 605 1935 έν
621 1880 714 1936 ἀπαντι
726 1881 777 1950 γὰρ
789 1885 826 1956 τῷ
843 1879 1038 1952 παρεληλυθότι
1050 1879 1137 1955 χρόνῳ
1153 1879 1230 1934 οὐθὲν
1241 1881 1362 1949 φαίνεται
1442 1921 1444 1924 ⁴

199 1970 397 2041 μεταβεβληκὸς
418 1967 478 2023 οὔτε
490 1967 548 2022 καθ’
562 1967 625 2023 ὅλον
642 1968 688 2023 τὸν
699 1971 814 2039 ἔσχατον
832 1969 940 2038 οὐρανὸν
951 1966 1010 2023 οὔτε
1028 1967 1091 2022 κατὰ
1108 1967 1199 2038 μόριον
1216 1967 1297 2022 αὐτοῦ
1309 1971 1363 2022 τῶν

200 2058 301 2111 οἰκείων
313 2056 397 2122 οὐθέν,
406 2054 511 2108 Μοῖσαν.
522 2069 533 2107 1
548 2060 560 2106 l
576 2054 663 2108 ‘after
675 2054 784 2124 general
796 2054 963 2125 philosophy
972 2054 1028 2108 and
1036 2054 1086 2108 she
1094 2054 1263 2124 description
1272 2054 1303 2108 of
1312 2053 1361 2108 the

200 2158 289 2211 upper
302 2141 396 2210 region
410 2141 593 2212 (astronomy)
607 2159 648 2195 we
660 2140 777 2211 proeeed
788 2144 819 2195 'oo
831 2141 907 2194 what
918 2142 943 2194 is
956 2140 1043 2195 called
1055 2140 1241 2212 meteorology
1252 2142 1267 2211 ‘‚
1280 2145 1363 2197 ταῦτα

192 2229 225 2294 4δ’
246 2229 319 2284 ε’στὶν
339 2227 392 2284 ὅσα
405 2230 546 2298 συμβαίνει
565 2231 629 2285 κατὰ
653 2231 739 2300 φύσιν
757 2230 811 2299 μέν,
830 2229 1004 2300 ἀτακτοτέραν
1022 2229 1108 2299 μέντοι
1127 2233 1173 2297 τῆς
1191 2233 1238 2284 τοῦ
1257 2228 1362 2300 πρῶτον

202 2318 336 2388 στοιχείου
349 2316 449 2386 (ether)
468 2318 529 2389 περί
546 2318 592 2372 τὸν
609 2321 759 2388 γειτνιῶντα
769 2318 888 2387 μάλιστα
899 2317 980 2372 τόπον
991 2321 1022 2386 τῇ
1036 2319 1109 2389 φορᾷ
1121 2322 1173 2371 τῶν
1184 2316 1297 2386 ἀστρων,
1311 2331 1360 2384 ug.

201 2403 251 2456 the
272 2402 363 2473 milky
383 2420 452 2473 way,
473 2406 588 2472 romeis,
605 2406 733 2470 mereors,
753 2401 849 2470 winds,
870 2402 1064 2473 earthqualres,
1084 2404 1196 2468 slorms
1214 2400 1363 2471 lightning,

204 2489 301 2560 (called
310 2488 348 2561 by
357 2489 426 2544 Ach.
439 2490 537 2544 Tatius
549 2492 679 2561 μετάρσια
691 2507 722 2543 as
734 2489 855 2560 opposed
867 2493 897 2543 to
909 2490 1033 2559 μετέωρα,
1045 2489 1094 2543 the
1107 2488 1244 2559 heavenly
1256 2487 1362 2559 bodies)

202 2578 280 2633 Part.
295 2578 347 2631 Au.
359 2583 394 2631 11
409 2596 435 2647 p.
446 2582 506 2633 641,
533 2578 630 2632 Hence
642 2578 678 2631 he
690 2578 715 2632 is
727 2577 844 2632 aeeused
856 2577 893 2648 by
906 2577 982 2649 early
994 2578 1137 2632 Christian
1149 2578 1256 2632 writers
1268 2578 1299 2631 of
1308 2580 1363 2632 seu

202 2666 264 2735 ling
277 2683 294 2719 a
305 2665 380 2719 limit
392 2667 423 2718 to
436 2666 537 2719 Divine
550 2665 727 2733 Providenee‚
740 2669 819 2738 μέχρι
831 2666 944 2736 σελήνης
955 2665 971 2735 ἡ
982 2667 1093 2737 πρόνοια
1105 2666 1190 2721 Olem.
1207 2665 1251 2720 Al.
1265 2665 1362 2720 Strom.

204 2768 224 2805 v
238 2757 272 2806 14
286 2753 299 2823 l
313 2756 356 2820 91,
370 2753 508 2823 Epiphan.
523 2754 584 2808 adr.
599 2754 682 2809 Haer.
696 2758 787 2822 11131,
801 2754 958 2808 Theodorei
970 2755 1050 2809 Prou.
1067 2769 1079 2808 1
1094 2772 1120 2825 p.
1134 2759 1186 2809 485
1200 2755 1262 2809 Seh.
1276 2756 1364 2825 (some

204 2840 308 2894 believe
329 2840 393 2894 that
415 2841 476 2895 God
500 2858 618 2911 governs
636 2842 686 2896 the
707 2843 844 2911 universe,
862 2841 915 2896 but
936 2843 1002 2913 only
1022 2843 1121 2897 within
1140 2844 1245 2898 semein
1263 2843 1363 2912 limits)

203 2927 235 2993 τῇ
255 2922 352 2991 σελήνη
366 2924 524 2992 περιορίζειν
542 2925 589 2992 τὴν
605 2924 736 2995 πρόνοιαν,
757 2925 788 2978 τὸ
807 2926 835 2979 δὲ
857 2925 952 2981 λοιπὸν
970 2929 1016 2980 τοῦ
1033 2925 1133 2995 κόσμου
1147 2927 1226 2997 μέρος
1242 2925 1276 2982 ῶς
1287 2928 1365 2998 ἔτυχε

205 3011 343 3081 φέρεσθαι.
380 3011 440 3064 The
452 3028 529 3064 seme
541 3010 700 3066 doetrineis
712 3013 837 3066 asserted
849 3012 888 3083 by
901 3011 956 3066 Oie.
970 3012 1002 3066 R.
1017 3012 1051 3066 P.
1065 3027 1097 3065 VI
1111 3012 1292 3082 leuissimo
1305 3011 1365 3066 orbe

157 3161 161 3168 ¹
204 3097 274 3151 luuu
296 3097 385 3151 radiis
411 3099 474 3152 solis
502 3117 613 3153 aemma
636 3102 802 3156 omoertdur.
851 3100 934 3172 quru
959 3108 1049 3154 autem
1065 3101 1131 3170 jum
1154 3099 1224 3154 ιιθιθ
1248 3108 1285 3154 est
1308 3099 1365 3154 uisi

205 3184 353 3239 mortalem
368 3185 500 3239 cadmum
507 3195 617 3258 praeter
634 3187 740 3241 animos
757 3206 864 3242 munere
882 3187 992 3242 deorum
1009 3186 1148 3241 homiuum
1163 3185 1256 3258 ymeri
1266 3185 1346 3241 datos
1352 3205 1365 3252 ;

206 3289 291 3343 ςιυρνα
303 3271 399 3326 lumem
410 3281 473 3326 suut
485 3281 594 3328 ueterum
607 3275 699 3328 ommia
707 3293 720 3341 ;
739 3276 771 3330 cf.
783 3276 872 3330 Varro
884 3293 927 3345 ap.
941 3273 1012 3344 Aug.
1028 3274 1055 3329 0.
1068 3275 1103 3329 D.
1117 3289 1161 3328 VII
1180 3278 1196 3328 6
1210 3272 1244 3327 oh
1262 3291 1366 3328 summo

205 3360 319 3414 m'rem'tu
339 3361 408 3416 emeli
425 3362 465 3415 ud
480 3362 612 3416 circulum
623 3363 705 3418 lunae
723 3364 854 3419 amborum
871 3363 980 3417 unimus
997 3381 1049 3417 esse
1067 3371 1143 3416 astru
1161 3352 1194 3416 ue
1210 3363 1309 3431 stelles,
1324 3381 1366 3418 eos
1420 3384 1422 3388 ⁴

205 3447 324 3502 caelestes
347 3447 409 3501 deor
433 3466 487 3501 mou
511 3448 589 3502 modo
609 3449 729 3521 intellegi
749 3469 801 3505 esse
821 3449 869 3504 sed
886 3449 968 3504 etiam
986 3449 1093 3514 m‘dem';
1112 3450 1182 3502 iuter
1201 3449 1284 3504 lumue
1306 3467 1366 3504 mro

203 3553 302 3606 pyrum
326 3543 349 3589 et
374 3534 524 3589 nimborum
548 3554 580 3590 ue
603 3545 741 3591 remorum
764 3537 907 3592 eueumimu
931 3554 1023 3590 aerem
1047 3554 1098 3591 esse
1119 3535 1236 3603 emimus,
1256 3537 1304 3590 sed
1321 3554 1367 3590 eus

206 3623 298 3676 auimo
310 3639 365 3675 mm
377 3622 451 3676 ooulo
463 3622 558 3691 rederi,
566 3632 590 3677 et
602 3624 693 3677 uocari
702 3624 795 3677 Ιιονοοι
807 3633 831 3678 et
843 3624 913 3678 lares
925 3632 950 3677 et
958 3623 1071 3694 geniem
1091 3622 1186 3676 Lucan
1198 3637 1231 3676 1x
1243 3627 1260 3678 6
1270 3644 1277 3690 ;
1292 3623 1365 3678 Plul.

205 3710 242 3764 Is.
256 3719 280 3764 et
294 3709 360 3766 Om'r.
374 3728 395 3765 e.
410 3715 444 3766 26
458 3711 499 3781 (of
509 3711 709 3781 Xenocrates);
728 3712 867 3766 wetsten
879 3729 915 3766 on
930 3711 999 3782 J‘J'plu
1013 3715 1067 3764 112
1081 3711 1145 3765 ‘the
1157 3712 1252 3782 prinee
1270 3712 1301 3765 of
1315 3712 1365 3766 the

206 3817 297 3871 power
316 3800 346 3854 of
362 3800 411 3853 the
430 3800 500 3868 air’3
524 3800 593 3855 Plin.
609 3801 645 3855 N.
659 3801 696 3855 Η.
714 3801 879 3873 1138mfru
897 3801 992 3854 lunam
1008 3799 1071 3853 haee
1090 3800 1161 3854 sodes
1178 3800 1318 3871 infinitum
1335 3819 1369 3856 eu

206 3885 341 3956 superiore
364 3895 466 3939 melma
490 3887 568 3954 ueris,
587 3887 727 3957 infinitum
746 3897 769 3941 et
788 3888 885 3941 terrem
908 3885 1009 3939 halitus
1033 3887 1143 3940 miscens
1164 3896 1278 3958 utroque
1301 3895 1368 3941 sorte

207 3970 388 4040 confunditur.
427 3972 501 4025 Hr'm
520 3972 626 4040 nubila,
650 3973 772 4027 touirruu
795 3982 819 4027 et
838 3973 899 4027 aliu
910 3972 1134 4044 fulmina...lm'm
1152 3973 1279 4044 pluruma
1298 3990 1367 4026 mor-

207 4058 305 4111 talium
323 4059 400 4112 mala
419 4068 442 4113 et
456 4078 545 4114 rerum
559 4070 675 4115 maturus
688 4079 788 4132 ρυριια
809 4078 912 4114 seeum:
936 4068 1041 4113 terrmu
1059 4059 1090 4113 iu
1107 4060 1211 4113 eaelum
1231 4059 1368 4114 turdorum

207 4145 334 4216 deprimit
345 4147 463 4201 siderum
474 4148 673 4221 miserumque
685 4167 753 4221 quae
765 4159 856 4221 sponte
868 4167 922 4202 mou
933 4147 1092 4202 subeumad
1101 4166 1128 4202 se
1139 4148 1223 4203 trahit
1228 4166 1241 4214 ;
1253 4148 1318 4204 ibid
1333 4154 1366 4204 21

208 4231 374 4287 Postumius
386 4251 441 4287 mou
452 4235 542 4289 miuus
554 4236 742 4308 quodraginta
753 4236 905 4291 stadiorum
916 4255 935 4290 u
943 4246 1014 4291 terra
1027 4237 1200 4292 altitudinem
1208 4237 1370 4311 essemque

208 4317 305 4373 uulua
317 4337 349 4373 ue
364 4320 437 4374 omui
450 4321 583 4395 nubesque
590 4323 775 4395 proemium
793 4323 859 4378 iude
869 4341 974 4396 pumum
992 4323 1179 4396 liquidumque
1194 4333 1219 4379 et
1229 4325 1371 4396 impertur-

210 4403 289 4461 barm
301 4402 369 4458 luem
381 4422 487 4462 aerem:
504 4406 552 4462 sed
564 4425 584 4462 u
595 4398 762 4464 tmln'elo'ml
779 4410 874 4465 lumem
886 4409 964 4467 ur'rim
981 4420 1085 4467 currum
1098 4411 1190 4466 millia
1201 4411 1351 4467 stadiorum
1358 4428 1372 4479 ,·
