3016 4966
451 432 453 435 ’
483 436 555 498 nra·
570 448 598 496 11
620 446 691 496 car.
711 447 815 496 r-rrr
837 433 874 524 ξς
896 436 982 503 3-7
1252 455 1253 458 ’
1291 442 1310 503 3
1481 408 1483 412 ⁷

152 590 326 676 Opinionis
341 591 428 656 enim
444 599 628 658 commenta
643 593 730 657 delet
745 593 822 671 dies
837 603 973 660 naturae
991 596 1117 681 judicia
1134 585 1309 673 confirmat.
1392 605 1393 608 ’
1441 581 1443 585 ⁴

152 694 269 782 Itaque
302 706 336 763 et
365 698 399 762 in
430 707 539 764 nostro
569 699 688 784 populo
719 707 753 764 et
780 699 814 763 in
841 701 957 765 ceteris
979 692 1113 766 deorum
1135 703 1241 768 cultus
1262 726 1312 768 re·
1368 732 1371 738 ’

133 823 134 827 ’
150 800 374 885 ligionumque
385 802 575 866 sanctitates
587 802 749 867 exsistunt
760 803 795 866 in
807 802 875 871 dies
891 803 1027 896 majores
1039 813 1138 890 atque
1155 808 1310 874 meliores.

150 900 256 991 quue
272 904 381 968 evenit
395 927 460 968 non
475 912 598 968 temere
613 925 672 968 nee
687 926 771 980 casu,
787 904 843 968 sed
859 905 944 989 quod
965 913 998 970 et
1016 915 1201 990 praesentes
1216 931 1310 993 saepe
1324 917 1342 974 t

119 1005 188 1085 5di·
202 1006 270 1071 vim
290 1028 382 1071 suam
401 1006 574 1084 declarant,
596 1013 634 1070 ut
657 1013 690 1070 et
710 1007 797 1091 apud
817 1008 984 1093 Regillum
1003 1010 1089 1074 hello
1112 1011 1311 1089 Latinorum,

149 1130 225 1172 aum
248 1109 287 1173 Α
312 1108 499 1174 Postumius
525 1109 664 1174 dictator
693 1132 767 1174 cum
794 1111 930 1176 Octavio
954 1112 1102 1177 Mamilio
1129 1113 1310 1189 Tusculano

149 1211 269 1295 proelio
285 1211 462 1290 dimicaret,
476 1212 511 1276 in
525 1219 634 1279 nostra
654 1211 722 1276 acie
744 1212 859 1279 Castor
879 1221 912 1277 et
934 1214 1051 1278 Pollux
1073 1238 1113 1280 ex
1136 1216 1228 1300 equis
1249 1239 1309 1302 pu·
1332 1230 1422 1298 ,γυ
1439 1248 1490 1286 ,w

149 1335 249 1398 gnare
263 1314 324 1382 visi
343 1323 430 1392 sunt,
446 1323 480 1379 et
495 1315 670 1403 recentiore
684 1315 841 1381 memoria
859 1315 947 1381 idem
961 1318 1163 1402 Tyndaridae
1179 1309 1308 1384 Persem
1354 1311 1355 1314 ¹

116 1455 122 1498 5
148 1415 272 1482 victum
287 1417 530 1491 nuntiaverunt.
575 1419 609 1509 P.
626 1412 714 1484 enim
729 1419 890 1496 Vatinius,
906 1443 986 1484 avus
1006 1420 1105 1506 hujus
1122 1422 1309 1487 adulescen-
1411 1487 1413 1491 ,

71 1560 73 1565 -
99 1546 136 1585 10
150 1524 201 1604 tis,
216 1527 290 1588 cum
306 1545 324 1587 e
338 1523 540 1607 praefectura
554 1520 695 1587 Reatina
710 1523 849 1586 Romam
864 1524 1010 1588 venienti
1024 1532 1122 1589 noctu
1137 1526 1203 1590 duo
1213 1527 1308 1611 juve-

65 1615 67 1618 Α
149 1647 207 1690 nes
219 1647 291 1690 cum
306 1626 397 1711 equis
412 1625 495 1690 albis
510 1626 669 1690 dixissent
684 1648 793 1711 regem
808 1627 940 1691 Persem
955 1628 1011 1692 illo
1023 1628 1076 1692 die
1088 1637 1227 1714 captum,
1237 1654 1309 1697 aune

106 1738 109 1744 ’
149 1728 277 1794 senatui
291 1718 517 1806 nuntiavisset,
528 1729 641 1813 primo,
655 1729 747 1817 quasi
762 1737 885 1794 temere
905 1729 946 1794 de
966 1752 1000 1794 re
1022 1730 1152 1815 publica
1172 1731 1307 1809 locutus,
1335 1783 1338 1789 Δ
1388 1760 1405 1774 .

140 1829 184 1899 ‚in
199 1852 358 1900 carcerem
373 1831 537 1917 conjectus
552 1840 611 1910 est,
627 1841 700 1916 pos't
717 1855 738 1897 a
757 1832 859 1897 Paulo
877 1833 994 1898 litteris
1009 1834 1116 1898 allatis
1131 1816 1308 1900 cumidem

147 1933 444 2010 diesco'ustitisset,
471 1943 505 2000 et
534 1957 610 2019 agro
640 1958 659 1999 a
688 1943 803 2000 senatu
831 1944 864 2001 et
889 1937 1057 2002 vacatione
1083 1937 1222 2004 donatus
1250 1951 1307 2004 est.
1358 1998 1360 2002 Α

84 2063 133 2123 .15
147 2037 259 2121 Atque
275 2038 374 2103 etiam
389 2029 463 2103 cum
478 2038 519 2102 ad
534 2039 671 2103 fluvium
687 2039 822 2125 Sagram
838 2040 1042 2108 Crotoniatas
1058 2042 1151 2106 Locri
1166 2043 1313 2115 maximo·
1384 2026 1385 2030 Ἰ

147 2144 268 2229 proelio
283 2133 485 2222 devicissent,
500 2167 538 2208 eo
553 2144 623 2229 ipso
639 2144 691 2208 die
713 2145 859 2209 auditam
877 2167 1036 2209 esseeam
1057 2167 1201 2230 pugnam
1218 2146 1307 2210 ¹ludis

148 2247 319 2334 Olympiae
333 2234 506 2312 memoriae
521 2248 685 2333 proditum
706 2256 763 2313 est.
809 2248 913 2332 Saepe
933 2249 1119 2312 Faunorum
1140 2271 1232 2314 voces
1253 2271 1307 2313 ex-

147 2349 288 2425 auditae,
304 2371 399 2433 saepe
417 2349 504 2413 visae
526 2349 647 2413 formae
668 2347 801 2440 deorum
823 2347 970 2432 quemvis
984 2371 1055 2434 ‚non
1078 2357 1134 2413 aut
1155 2347 1306 2412 hebetem

147 2460 206 2518 aut
221 2451 445 2536 impiumdeos
456 2456 644 2536 praesentes
655 2474 725 2516 esse
737 2450 882 2515 confiteri
894 2457 1077 2536 coegerunt.
1117 2450 1182 2530 III.
1210 2451 1305 2514 Prae·
1320 2459 1338 2515 t

95 2575 134 2618 20
147 2554 304 2621 dictiones
333 2575 407 2620 vero
438 2559 471 2618 et
500 2552 740 2637 praesensiones
765 2574 873 2616 rerum
899 2552 1082 2617 futurarum
1112 2550 1191 2634 quid
1218 2550 1306 2614 aliud

146 2655 311 2721 declarant
332 2655 395 2719 nisi
417 2655 602 2724 hominibus
626 2677 665 2722 ea
689 2655 824 2731 ostendi,
837 2653 1023 2730 monstrari,
1042 2651 1199 2738 portendi,
1216 2675 1307 2736 prae-

146 2758 234 2829 dicit
265 2780 306 2826 ex
331 2779 397 2842 quo
425 2758 482 2828 illa
506 2765 882 2835 ostenta-monstra,
908 2764 1099 2841 portenta,
1123 2755 1307 2841 prodigia

147 2862 308 2930 dicuntur.
345 2861 468 2940 Quodsi
480 2884 518 2926 ea
529 2862 606 2930 ficta
621 2861 781 2926 credimus
796 2861 929 2936 licentia
943 2861 1134 2939 fabularum,
1144 2860 1305 2944 Mopsum,
1338 2869 1343 2921 .“

145 2963 313 3041 Tiresiam,
344 2965 591 3055 Amphiaraum,
608 2961 840 3042 Calchantem,
868 2963 1169 3046 Helenum-*quos
1195 2971 1305 3027 tamen

92 3093 130 3153 25
143 3092 284 3156 augures
297 3076 339 3136 ne
351 3070 440 3155 ipsae
456 3071 587 3155 quidem
602 3054 732 3134 fabulae
747 3068 943 3147 ascivissent,
955 3068 984 3132 si
999 3067 1195 3134 res-omnino
1210 3083 1305 3152 repu-

143 3173 369 3253 diarentp-ne
389 3173 583 3242 domesticis
594 3173 728 3257 quidem
748 3172 907 3257 exemplis
925 3172 1012 3236 docti
1033 3170 1305 3250 nnmendeorum

194 3351 209 3399 1
226 3336 352 3414 opinionis
370 3351 422 3413 OE,
436 3341 563 3418 opiniones
575 3356 603 3412 B,
613 3352 731 3414 opinione
746 3351 769 3399 A
782 3350 921 3415 (doubtful)
933 3350 996 3412 ΒῙΗ,
1011 3352 1161 3413 opinionum·
1171 3347 1205 3398 Β2
1216 3349 1306 3399 Oxus
1374 3365 1377 3370 ·

144 3431 202 3484 sss.
212 3433 306 3504 ÷sa1.¹
416 3434 431 3481 4
446 3441 473 3482 a
484 3433 548 3493 x÷‚
562 3435 639 3482 aarum
650 3433 715 3494 U÷,
730 3432 781 3484 om.
796 3433 854 3482 oa.
867 3418 955 3484 inraa
966 3432 1024 3480 Aa.
1036 3431 1120 3480 nien.
1231 3446 1304 3492 pra.

143 3521 223 3563 sentes
234 3514 313 3573 ΑΘΗ,
321 3514 523 3577 praesentianB
536 3514 574 3576 (in
584 3516 648 3575 ras.)
656 3514 699 3562 OE
712 3513 772 3562 Oxi.
780 3514 848 3562 Mus.
861 3513 990 3575 generally
1000 3512 1084 3581 Allen.
1184 3512 1199 3560 5
1216 3512 1244 3558 di
1254 3512 1305 3558 uina

143 3609 215 3644 utam
225 3595 248 3643 A
260 3595 297 3659 (in
313 3598 376 3657 ras.)
392 3595 452 3644 four
468 3595 497 3644 of
512 3595 605 3652 Moser,
617 3596 673 3643 disi
689 3597 741 3644 aim
756 3610 827 3643 suam
843 3594 875 3651 G,
889 3596 929 3650 dii
944 3596 996 3642 uim
1013 3597 1043 3655 H,
1062 3593 1118 3641 diui
1134 3607 1204 3640 suam
1218 3591 1305 3640 Bane

142 3676 211 3738 ors,
223 3678 278 3725 divi
286 3679 327 3726 'sui
335 3681 404 3727 MRV
414 3676 474 3725 Asc.
572 3677 588 3726 9
607 3677 726 3725 Vatinius
735 3675 801 3734 edd,
811 3677 926 3724 catienus
936 3688 987 3724 mss
994 3673 1131 3742 generally,
1141 3673 1188 3722 but
1194 3673 1223 3733 in
1232 3688 1264 3721 111
1274 3674 1304 3720 13

141 3758 250 3805 vatinio.
292 3789 294 3794 -
358 3757 389 3805 11
406 3771 461 3805 eura
471 3757 571 3806 senatui
582 3758 752 3805 nuntiavisset
762 3754 863 3804 Vahlen
875 3757 928 3818 (see
939 3753 1060 3823 domm),
1073 3754 1173 3801 senatui
1184 3754 1303 3801 nuntiavi

142 3828 180 3889 set
190 3839 221 3900 A,
234 3833 285 3890 sen.
304 3841 493 3889 nuntiavissent
511 3838 554 3902 (by
571 3853 635 3889 corr.
653 3840 749 3899 sisset)
766 3837 797 3898 B,
812 3852 864 3886 sen.
878 3838 1019 3889 nuntiasset
1036 3835 1121 3895 csta,
1134 3849 1186 3883 sen.
1198 3836 1302 3882 nuncia-

141 3923 220 3971 vissa
235 3921 291 3981 ΕΠ,
302 3922 450 3983 senatuique
467 3920 635 3969 nuntiavisset
651 3918 676 3967 G
693 3917 788 3967 Heind.
805 3919 862 3979 Ba,
881 3915 980 3966 senatui
997 3918 1129 3966 nuntiauit
1146 3923 1170 3965 et
1186 3916 1244 3988 Oxi.
1256 3919 1303 3965 'rit

141 4003 202 4053 Asa.
213 4002 257 4054 Or.
272 3999 332 4053 sah.
344 4002 399 4050 Mu.
482 4003 512 4051 te
529 4017 579 4050 non
589 4009 635 4051 aut
646 4000 703 4051 edd.
716 4000 783 4050 atter
793 4000 868 4058 Dan,
881 4007 927 4051 aut
938 4015 988 4048 uon
999 3997 1092 4046 X'Oxf.
1100 4008 1135 4055 ÷,
1147 3998 1197 4046 narr
1207 3998 1302 4046 Gmt.

143 4085 175 4134 19
191 4079 467 4146 carcassionensi
481 4081 563 4132 Allan.
665 4081 696 4128 21
715 4082 862 4140 luminibus,
877 4081 1001 4128 divinitas
1013 4076 1080 4139 conj.
1095 4076 1165 4134 Sah,
1177 4078 1302 4125 diuinitus

142 4166 283 4215 homnibra
299 4162 412 4224 Brieger.
525 4178 556 4212 ea
575 4162 603 4210 M
621 4162 650 4211 of
665 4162 751 4210 Moser
768 4160 824 4210 edd.
845 4160 912 4209 after
931 4159 999 4209 sih..
1019 4174 1049 4207 ea
1065 4173 1131 4220 quae
1147 4157 1303 4206 statmo

142 4246 212 4314 Oxi,
223 4261 253 4295 ea
270 4261 334 4309 quae
344 4252 403 4294 sunt
414 4229 490 4304 amr,
502 4260 532 4293 ea
543 4259 607 4307 quae
618 4250 677 4292 sunt
683 4245 805 4306 suturae
816 4242 878 4302 ng.
891 4242 918 4290 of
928 4242 993 4291 Dav.
1005 4238 1101 4289 Heind.
1175 4239 1300 4300 praedici,

137 4330 241 4392 prodici
254 4327 322 4390 conj.
335 4326 478 4377 Swainson.
577 4327 609 4374 25
625 4327 789 4388 repudiarent
808 4324 964 4373 sansana
983 4321 1041 4371 Oxf.
1053 4319 1146 4380 ¹Allan,
1157 4319 1301 4380 repudiaret

142 4408 293 4474 [omaso.
305 4408 371 4468 edd,
383 4410 561 4472 repudiaretur
573 4409 629 4460 GU.
714 4450 717 4456 ,
762 4408 764 4411 ’
1327 4473 1329 4476 ⁴

1091 4535 1093 4540 ¹
1130 4503 1214 4561 1-2
